1984 3659
78 275 85 293 ²
155 284 225 385 386
254 244 389 350 sxa.
422 271 790 340 AEsonrxxvrr

153 401 330 465 Occasionem
345 395 464 449 deserant
483 386 583 441 timidae
602 381 703 436 nimis:

154 485 220 538 Non
240 477 377 532 defuturos
394 464 554 521 commodos
575 452 783 514 ventihalitut,
879 447 884 458 “

153 557 261 626 Quibus
280 546 454 614 adiuventur,
470 552 501 589 ur
517 536 548 586 ab
564 532 651 583 humo
668 528 695 581 se
709 526 878 578 sublevent:

155 630 254 687 Suadet
271 618 357 677 sorori
376 612 508 680 denique,
522 607 611 660 anthes
628 602 703 672 quod
717 598 808 665 iurat.

194 705 265 771 Ergo
277 698 347 758 huc,
362 684 469 759 preivit
487 678 542 751 qud
560 681 707 738 voluntas,
725 673 885 730 devolant3

156 774 297 843 Avideque
312 762 487 834 depascuntur
500 763 620 826 optatam
633 751 739 817 dapem.

156 855 278 908 saturata
294 838 433 911 postquam
444 829 526 900 liquit
540 823 692 896 ingluviem
706 822 814 884 sames,

158 921 276 992 coepere
287 908 487 979 circumspicere
501 942 510 969 ‚
526 901 613 969 siqua
626 896 686 965 spes
700 896 772 948 foret

159 993 265 1054 Auxilii
285 992 317 1044 eb
336 985 426 1053 aliqua
440 992 516 1049 parte
528 973 605 1033 caeli3
625 969 689 1039 quid
704 968 827 1028 nothus,

157 1075 299 1129 Eurusve,
314 1060 505 1128 zephyrum,
525 1062 570 1101 aur
584 1044 676 1115 aquilo
689 1039 897 1111 promitterent.

160 1148 248 1200 Tenet
264 1140 316 1189 alta
330 1131 448 1200 liquidos
464 1122 535 1177 airis
552 1134 662 1187 campos
676 1115 763 1185 quies.

163 1212 346 1274 Mutationem
360 1198 491 1270 temporis
504 1193 658 1263 aliquandiu

162 1284 303 1357 Exspectat
312 1290 442 1345 utraque:
458 1273 545 1325 donec
559 1264 644 1319 oculis
656 1260 790 1329 morpheo

162 1362 267 1423 Furtim
283 1357 443 1410 admovente
461 1348 521 1398 lene
533 1352 697 1394 tormentum
705 1372 718 1398 ,
729 1336 814 1385 altera

165 1433 280 1494 Devidla
291 1429 397 1482 tandem
409 1463 417 1487 ‚
435 1418 526 1474 sensus
537 1412 627 1468 ammit
637 1409 714 1482 gravi

166 1515 272 1580 sopore
288 1500 395 1574 vinctos
412 1515 419 1551 :
439 1496 521 1547 altera
538 1502 626 1541 autem
643 1482 750 1538 sortiter

167 1584 256 1637 cavet
268 1577 335 1640 sibi,
351 1574 480 1637 suumque
499 1561 670 1640 propositum
683 1568 777 1617 tener,

167 1660 202 1713 Et
215 1651 387 1725 perseverat,
402 1658 471 1695 aurae
488 1639 521 1690 ad
538 1650 648 1688 omnem
669 1628 777 1682 sibilum

169 1733 279 1785 Attenta
293 1723 417 1787 semper3
431 1728 511 1784 atque
526 1709 559 1761 ad
575 1718 725 1760 extremum
741 1695 804 1753 cavi

168 1805 214 1856 De
232 1801 315 1851 latere
335 1789 436 1844 montis
449 1798 547 1839 ventus
567 1777 712 1832 excitatior

170 1869 294 1938 Erumpit
313 1864 410 1925 ilicet,
425 1861 453 1914 ἃ
467 1870 584 1926 paratam
600 1853 742 1911 sublevat,

170 1948 206 2005 Et
220 1960 288 1998 nota
302 1941 390 1994 secum
408 1935 440 1988 ad
457 1930 521 1984 astra
535 1926 607 1980 tollit
623 1936 777 1994 praepetem.

211 2022 295 2074 Soror
308 2012 399 2068 relide
411 2006 470 2079 pdst
483 1999 567 2074 pauli)
582 1995 776 2067 expergiscitur
790 2008 799 2045 t

175 2094 326 2161 Gemitque
341 2127 349 2152 ‚
371 2079 613 2154 conqueriturque,
627 2073 711 2125 solam
725 2068 753 2120 se
769 2064 886 2123 videnst

159 2167 318 2234 'Motisque
334 2159 431 2230 pennis
448 2154 480 2205 ad
494 2152 615 2204 volatum
634 2142 745 2198 enititur
763 2159 771 2194 c

179 2242 232 2296 Sed
246 2236 363 2302 undique
382 2231 427 2284 adr
445 2226 499 2292 iarn
518 2221 604 2292 priori
623 2216 740 2271 redditus

178 2305 398 2379 Tranquillitati‚
414 2298 576 2355 inefficacem
594 2295 644 2347 sert
657 2305 738 2359 opem
750 2305 760 2347 3

181 2391 322 2450 Bonasque
337 2378 432 2430 misera
447 2371 526 2425 sortis
544 2369 651 2420 incerte
667 2364 762 2427 vices,

182 2462 269 2516 Affixa
284 2451 382 2514 terris,
396 2444 547 2515 exspectare
563 2439 676 2511 cogitur.

222 2528 438 2588 Hdc'edocemur
454 2515 555 2578 fabula,
580 2523 715 2583 quotquot
729 2508 820 2561 sumus

183 2604 311 2668 Infirmi,
327 2610 436 2670 egentes
448 2632 456 2656 ,
474 2608 504 2643 ac
516 2588 612 2641 miselli
623 2582 800 2645 homunculi,

186 2680 311 2741 Divina,
334 2672 393 2726 sine
411 2667 479 2738 quse
489 2664 576 2717 facere
593 2660 631 2713 nil
649 2656 715 2711 boni
731 2655 812 2717 licet,

188 2750 299 2810 Auxilia
311 2745 418 2820 qualem
436 2733 603 2810 diligentiam
622 2743 759 2801 expetant.
