1984 3659
134 202 262 308 'Lince
287 254 476 309 Dromius
504 254 694 310 rrnrrvs.
745 259 812 338 3¹5

89 355 798 437 ΝΜ)

161 485 463 560 FABUlA
512 485 722 562 xx111.

271 632 392 701 Vultur
405 625 438 700 δ’
451 629 621 701 Columba.

64 736 261 856 Tuum
278 802 416 856 Columba
432 803 664 871 conquerebantur
680 800 722 860 sui

61 875 227 930 illiberalem
242 876 346 928 domini
360 873 572 943 parsimoniam:

66 952 153 1017 Quod
163 949 224 1002 cuim
239 947 359 1001 audiisset
371 947 470 999 Vultur
481 986 490 1008 ,
510 948 649 1018 extemplo
660 952 752 1006 dolum

33 1084 37 1089 ,
65 1023 236 1081 Meditaturt
255 1022 301 1082 δι,
324 1019 459 1073 Celetibus
474 1020 539 1074 hinc
554 1022 666 1091 pennis,
684 1025 741 1090 ait,

65 1098 182 1151 Mecum
195 1096 287 1147 volate
298 1095 330 1145 ad
338 1094 406 1146 lunc
417 1095 526 1147 domum
538 1133 546 1159 ,
563 1094 639 1160 eujus
650 1101 745 1167 procul

65 1170 179 1239 Insigne
198 1167 225 1220 se
245 1168 352 1220 culmen
364 1168 467 1236 aperit:
487 1168 525 1220 ibi
541 1170 601 1235 plus
617 1171 680 1223 satir

68 1243 216 1312 Mihique,
230 1241 364 1310 vobisque
379 1240 546 1308 optimorum
558 1242 680 1310 suppetet

69 1315 159 1385 copia
172 1314 312 1368 ciborum:
330 1313 493 1382 sequiminit
510 1313 577 1366 milri
597 1316 706 1384 pervius

70 1391 198 1459 Meisque
208 1387 302 1440 amicis
316 1386 404 1440 aditus
414 1386 468 1452 est,
485 1385 592 1456 quoties
607 1390 690 1448 lubet.

70 1464 165 1518 Fidem
183 1462 323 1515 Columba
340 1459 476 1528 simplices
492 1461 627 1514 fallacibus

70 1534 196 1591 Habuite
208 1533 296 1588 dictis.
314 1533 468 1586 Praevolans
483 1532 565 1603 igitur
585 1536 654 1590 latro

71 1612 188 1665 Temere
202 1608 342 1678 sequenter
358 1607 500 1677 copiosum
519 1606 607 1661 villici

73 1681 263 1754 opulentioris
276 1680 350 1735 ducit
365 1683 398 1734 ad
410 1681 580 1753 granarium:

72 1755 140 1825 Quo
158 1756 238 1810 simui
258 1772 289 1808 ac
307 1771 403 1810 omnes
419 1753 472 1808 effe
488 1754 607 1824 delapsas
624 1753 720 1814 videte

72 1832 136 1887 Jam
148 1828 298 1894 comedite,
316 1828 422 1899 inquit:
440 1827 569 1882 delicatos
587 1831 620 1882 acl
635 1830 712 1885 cibos

73 1906 116 1957 En
128 1921 181 1959 vos
201 1902 299 1957 inritat
311 1901 359 1955 iste
375 1902 522 1970 presertim
543 1905 664 1971 angulus.

75 1979 138 2031 Huc
153 1992 218 2046 ergo
233 1975 319 2028 densae
337 1988 456 2027 coeunt:
476 1975 522 2027 sed
539 1974 643 2027 avidius
664 1974 753 2030 sinum

77 2051 204 2106 Gutturis
219 2048 325 2101 inanem
340 2046 454 2115 implete
473 2045 562 2118 granis
576 2048 640 2100 dum
657 2047 778 2118 student,

76 2126 124 2179 Nil
135 2122 296 2192 suspicantes
311 2121 420 2173 dedolo
432 2138 440 2179 ς
460 2119 532 2172 ferus
548 2118 648 2190 ingruit

76 2196 200 2268 Repente
215 2195 320 2265 predot
345 2193 372 2247 δι
388 2193 435 2245 has
454 2192 572 2246 cruentis
588 2193 741 2265 unguibus,

76 2272 175 2327 Rostro
185 2272 233 2323 has
243 2269 351 2322 obunco
361 2264 465 2324 lanint3
483 2267 531 2319 has
546 2278 634 2320 autem
649 2267 712 2322 ferit

77 2346 192 2399 Potente
212 2340 319 2411 penui,
336 2355 367 2393 ac
382 2338 482 2393 debiles
498 2338 590 2393 sternit
608 2340 678 2395 solo.

79 2419 148 2471 Tam
162 2419 232 2470 lneda
249 2414 331 2468 cladis
347 2412 465 2483 species,
482 2427 537 2465 tam
555 2411 655 2467 subitus
673 2432 759 2485 pavor

79 2490 175 2546 Paucis
196 2487 323 2558 relinquit
341 2485 472 2540 evadendi
490 2486 607 2555 copiam.

101 2608 103 2612 ,
119 2561 246 2617 Hominis
263 2562 379 2617 cauenda
397 2558 435 2614 cli
451 2558 570 2630 improbi
584 2559 743 2634 benignitas.
