1984 3659
180 172 236 263 xij
343 173 374 243 Ρ
397 175 430 242 R
453 171 502 241 AE
527 173 615 244 ΡΑ
642 172 716 241 TI
739 170 781 267 ζ).

177 292 357 395 imperitiam
381 315 443 389 non
465 295 555 434 mapis
573 293 604 352 in
624 292 686 388 ipso
702 292 821 389 irrideri·
837 293 940 375 puto}-

180 396 268 456 quam
287 397 316 434 tn
336 373 506 435 Francrsco·
537 374 676 464 eraphrno
695 373 941 455 Regneno‚·ho·

178 456 625 599 illil‘lililla‘llla
638 454 783 596 iiiiii?
790 456 939 607 iiiiii*

180 635 334 700 tenturque
357 617 421 678 stilo
450 616 505 678 elie
528 614 697 677 suavissimo
713 618 940 682 ,concinnatum-⁴

179 697 264 762 Nihil
277 742 287 773 ,
307 698 434 780 opinor,
452 700 544 780 prosit
555 696 690 758 refellere
698 697 827 777 pluribus
837 698 939 758 homi·

180 800 234 845 nes
257 779 441 851 malevolos,
462 781 513 861 qui
531 776 630 839 studiis
656 776 758 839 nostris
780 777 940 839 adversan-

176 878 239 924 tur.
258 860 303 924 Ex
323 860 404 922 didlis
428 858 512 921 facile
535 860 673 941 colligent
702 861 777 940 aqui
796 857 938 939 judices,
984 919 985 944 ἶ

180 942 259 1008 bene
283 943 390 1016 latine,
416 943 459 1002 his
481 942 568 1003 etiam
587 940 789 1021 temporibus,
811 939 939 1000 scribere
984 971 985 974 ¹

183 1045 241 1086 eos
254 1021 355 1106 polle,
379 1024 430 1104 qui
447 1023 483 1083 ad
505 1020 720 1105 percipiendam
740 1023 847 1082 veteris
862 1021 940 1082 illius
984 1027 985 1064 ³

181 1107 303 1187 optimae
327 1122 454 1166 romanae
483 1103 587 1183 linguae
612 1103 674 1162 vim
702 1118 789 1184 atque
818 1103 939 1183 copiam

180 1186 270 1267 paulo
281 1186 461 1325 benipniusa
472 1200 571 1247 natura
585 1182 752 1279 informati,
767 1180 825 1244 sese
839 1183 937 1245 inhas

144 1301 146 1306 >
180 1263 311 1349 palaestra
319 1264 348 1328 dt
360 1281 471 1348 rgenter
481 1281 671 1330 exercuerunt.

224 1425 290 1491 Ill.
315 1426 432 1490 Nunc
456 1428 568 1498 dicam,
592 1426 661 1508 quid
681 1424 796 1489 efficere
816 1443 939 1492 conatus

162 1507 262 1588 sim,
283 1526 316 1570 ut
333 1509 436 1570 eruditi
454 1507 570 1572 ledoris
587 1509 798 1588 approbatione
817 1530 879 1569 non
895 1512 939 1570 in·

184 1590 301 1671 dignam
330 1589 490 1658 editionem
516 1589 589 1650 hanc
619 1586 745 1650 nostram
772 1590 937 1669 redderem.

181 1670 312 1734 Primitm
326 1672 357 1732 in
375 1667 617 1752 recognoscendis
631 1670 663 1732 δι
676 1670 846 1751 castigandis
859 1673 940 1754 prio·

184 1753 262 1813 ribus
280 1753 406 1833 quinque
424 1753 524 1812 harum
543 1750 712 1814 fabellarum
724 1752 804 1813 libris
816 1773 940 1835 operam

182 1832 249 1893 sane
263 1852 395 1913 magnam
411 1831 503 1913 poltri.
517 1831 659 1893 Plurimos
676 1832 799 1910 versus,
818 1854 870 1914 qur
879 1833 939 1895 uel

183 1914 270 1976 nimis
287 1910 409 1993 abjedii‚
427 1913 478 1975 vel
497 1913 585 1994 paulo
609 1912 767 1992 asperiores
782 1916 840 1975 visi
857 1914 941 1990 sunt,

183 1994 223 2058 ad
242 1993 366 2075 aliquam
387 1992 535 2075 speciem,
553 1992 745 2076 numerosque
765 1997 942 2069 molliores,

185 2078 324 2157 quantum
344 2078 410 2136 sivit
431 2075 575 2157 propositi
600 2075 766 2156 simplicitas
787 2120 797 2148 ,
823 2077 943 2139 adduxi.

184 2158 346 2220 Latinitatis
360 2157 483 2220 formam
506 2153 557 2218 sub
574 2156 686 2238 regulas
703 2158 774 2237 pure
791 2156 825 2221 dc
842 2177 943 2219 emen·

187 2238 253 2298 date
287 2237 427 2319 loquendi
463 2236 661 2316 exquisitiores
692 2239 799 2317 passim
830 2238 944 2320 redegi.

185 2317 350 2380 Nonnullas
370 2338 460 2380 voces
479 2319 574 2377 minius
586 2318 706 2391 latinas,
724 2318 855 2381 minusve
871 2341 944 2401 pto·

185 2401 260 2480 prias
281 2400 400 2472 amovi;
422 2400 548 2481 aptiores
562 2400 591 2458 in
614 2419 713 2459 earum
733 2399 830 2461 locum
844 2400 942 2461 substi-

185 2482 237 2543 tui.
249 2477 411 2542 Sententias
430 2482 527 2562 ipsas,
551 2480 704 2562 aliquando
717 2480 851 2543 nonsatis
863 2485 941 2545 inter

184 2560 215 2622 se
233 2560 434 2635 cohaerentes,
460 2560 691 2641 copulationibus
712 2561 826 2625 idoneis
846 2565 943 2624 conti·

186 2646 283 2706 nutri.
302 2641 449 2721 Quaedam
461 2663 478 2702 a
490 2662 539 2703 me
554 2645 643 2702 etiam
657 2640 720 2702 sunt
731 2643 876 2704 interdum
887 2645 942 2705 ad·

185 2720 278 2804 jede,
298 2745 380 2806 quae,
399 2739 431 2783 ut
453 2722 636 2804 probabilior
649 2722 781 2785 existeret
800 2725 942 2808 apologo·

188 2823 254 2873 rum
268 2807 398 2878 veritas,
418 2805 526 2889 requiri
542 2803 714 2869 videbantur
726 2805 885 2892 :yquaedam
897 2809 945 2885 vn,
