1984 3659
128 182 264 256 'zrrm
288 205 477 265 nacturus
499 216 709 284 Quantus.
755 228 827 306 337

55 299 208 368 Quoddam
222 324 357 365 remotum
367 330 488 383 penetrat
500 335 509 379 ς
531 319 673 398 ipsumque
686 329 793 389 invenit
823 311 827 318 ⁵

57 373 233 446 Dominum,
251 384 357 453 superbi
376 390 507 444 obesitate
520 399 643 465 corporis

57 448 99 500 lta
117 449 294 521 impeditum,
308 475 339 512 ut
353 460 462 530 spiritus
480 469 558 521 molli
575 484 640 526 toro

58 521 186 579 Reficere
199 544 339 599 cogeretur
358 535 440 594 etiam
458 538 585 596 interdiu.

59 593 93 646 ln
113 596 186 652 bunc
201 598 330 666 jacentem
346 608 492 680 derepente
513 614 540 667 se
558 615 666 682 injicite

58 667 210 741 Vexatque
223 679 340 745 nervos,
354 683 490 752 hospitem
500 691 617 759 gaudens
631 693 710 749 suum

57 740 187 813 Torpere
203 749 325 816 penitus,
340 757 496 829 culcitaeque
509 765 632 829 plumea

59 815 175 871 Haerere
189 818 292 889 fixum,
311 828 470 883 &delicatis
487 834 515 886 se
533 835 601 891 cibis

57 888 197 959 implere,
213 896 240 949 δι
250 899 315 967 ungi
326 902 429 954 lenibus
440 908 607 976 malagmatis
619 948 630 975 ‚

61 962 141 1030 Qua»
151 970 266 1022 remedia
284 969 379 1035 iuvant
392 977 538 1044 plurimum
555 982 640 1051 ipsam
653 985 764 1047 scilicet.

96 1037 168 1093 Suus
184 1041 221 1094 est
235 1047 364 1111 petendus
376 1051 477 1120 cuique.
486 1056 654 1111 conveniens
669 1063 756 1118 locus.

159 1175 728 1255 e--ss—ss-eemeffless—..e

195 1286 490 1369 FABULA
540 1300 688 1379 xlv.

149 1437 151 1444 ’
228 1438 308 1523 Sol,
325 1438 448 1527 Mons,
467 1437 634 1518 &Vallia

56 1534 143 1652 Μ
151 1616 171 1657 ο
179 1617 239 1671 uo,
253 1608 343 1664 nubila
352 1609 424 1667 Inter
434 1614 537 1678 aridum
548 1622 667 1678 condens
678 1639 779 1699 caput,

55 1674 173 1736 Jaciabat
184 1678 257 1734 astris
274 1685 459 1742 celsitudinem
476 1691 570 1757 suam,

56 1747 159 1804 Dolens
176 1752 276 1808 interei
297 1758 397 1813 sortem
414 1764 502 1818 Vallis
514 1767 664 1836 proximae,

55 1821 238 1896 Miseransque
251 1846 326 1884 tanto
341 1835 488 1891 obnoxiam
503 1845 681 1912 contemptui.

55 1896 136 1949 Audit
149 1900 265 1955 micante
282 1914 360 1957 curru
376 1910 432 1968 Sol·
442 1913 574 1966 revehens
592 1917 680 1985 diem,

56 1970 88 2022 Et
104 1972 142 2025 sic
160 1974 269 2027 inanem
283 1978 406 2047 reprimit
421 1982 590 2050 superbiamr

53 2043 162 2111 insane,
180 2049 244 2117 quid
258 2050 356 2111 habes,
374 2052 431 2120 ipse
443 2071 490 2107 cur
505 2056 594 2122 possis
612 2059 662 2115 tibi
743 2083 744 2086 ¹

53 2117 156 2173 Placere
171 2121 295 2176 tantbm?
310 2124 342 2175 de
359 2139 408 2177 tuo
425 2129 532 2182 excelso
543 2128 613 2200 jugo

51 2190 123 2256 Quid
135 2195 278 2264 gloriaris?
296 2196 333 2249 est
346 2195 416 2251 idem
427 2198 494 2254 illud
505 2202 659 2272 horridum,

50 2265 82 2317 Et
98 2265 268 2336 inhospitale.
285 2270 373 2325 Vallis
384 2272 440 2326 haec
454 2277 548 2330 contra
562 2275 631 2341 iacet

49 2339 184 2406 Humilis,
204 2356 347 2413 amatque,
364 2346 450 2400 clausa
461 2348 551 2402 densis
562 2351 691 2421 saltibus,
786 2397 790 2402 ·
810 2401 815 2412 .

51 2410 141 2468 Latere
156 2413 186 2466 in
198 2416 292 2469 umbra
307 2436 315 2471 r
332 2417 400 2472 rivis
418 2420 543 2475 uberibus
562 2438 652 2478 tamen
663 2462 682 2487 „

47 2485 185 2555 Etiamque
199 2487 310 2543 flumine
325 2490 450 2563 irrigata,
470 2495 603 2563 plurimos

47 2557 132 2610 Habet
147 2562 278 2628 colonos,
299 2565 394 2633 quibus
411 2584 496 2637 opum
514 2571 612 2622 almam
626 2569 723 2628 sufficit

46 2632 201 2684 idonearum
214 2635 336 2704 copiam,
352 2639 380 2691 ἃ
392 2656 493 2694 certant
508 2640 591 2695 simul

47 2702 206 2758 Felicitatem
221 2706 375 2778 siugulatim
392 2713 500 2767 dividit.

60 2798 66 2807 ·
82 2777 138 2829 Hos
153 2777 239 2832 sabula
252 2797 363 2842 monet,
376 2786 424 2853 qui
435 2786 563 2856 supremo
576 2788 608 2841 de
618 2790 701 2859 gradu
804 2835 809 2842 .

45 2849 113 2916 §tim
122 2866 226 2908 ceteros
237 2854 381 2925 despiciant
392 2895 400 2923 ,
412 2859 527 2929 prosunt
541 2859 656 2939 nemini.

606 2934 628 2992 Ρ
