1984 3659
170 219 200 265 x
333 187 767 265 PRAEFATIO.

172 313 263 376 ambo
279 311 348 373 curd
363 330 450 394 atque
469 309 625 388 industrii,
643 312 821 396 scripserunt.
841 312 932 396 Quid

174 416 266 480 porro
284 395 429 478 contigit?
449 411 604 474 utrumque
620 391 711 454 fetum
729 399 808 457 annis
821 397 933 459 abhinc

172 477 305 540 ducentis
319 477 425 538 eruditi
442 474 565 544 leclores
580 474 774 546 evolverunt,
787 480 819 540 &
830 479 933 540 admi·

171 562 229 628 sati
242 559 330 630 iuntt
354 558 444 620 critici
463 555 578 697 sapaces
600 554 802 633 excufferunt3
826 560 859 620 &
877 561 932 643 qui

113 701 116 713 ,
172 642 343 704 latinitatem
362 642 393 699 in
411 639 553 721 plerique
575 656 735 721 argentea,
759 660 847 781 qppm
868 663 932 703 vo·
979 679 980 698 t

174 741 262 798 cant,
282 723 372 784 aetatis
391 717 577 804 scriptoribus
593 720 711 803 pauliana
723 721 760 781 de
803 738 852 782 atu
868 726 932 805 pri·

171 803 248 868 ilino
265 803 458 872 declinantem
477 801 762 878 animadverterant,
777 804 829 862 vix
845 804 931 886 quid-

195 907 284 962 uatn,
305 886 386 969 quod
401 905 460 945 non
480 900 596 948 aetatena
615 904 725 943 auream
744 886 866 945 omnino
882 906 933 946 re·

172 905 287 1032 doleret
303 1011 313 1042 ,
331 970 362 1028 in
377 965 430 1027 hac
454 966 536 1025 otnni
553 963 708 1046 scriptione
723 965 932 1047 deprehende-

173 1068 250 1112 runt.
269 1047 375 1131 Neque
393 1044 592 1127 objiciendum
609 1046 694 1106 nobis
711 1044 771 1120 est,
788 1047 869 1106 illam
883 1050 931 1130 ip-

172 1131 233 1193 sam
250 1151 311 1191 non
330 1130 505 1190 idoneorum
523 1123 581 1186 effe
592 1122 722 1206 judicum
738 1128 931 1268 appptohatio-

172 1229 266 1288 nern3
296 1213 405 1294 quippe
427 1211 476 1292 qui
494 1224 562 1269 tarn
582 1227 676 1269 errare
695 1210 725 1268 in
765 1210 930 1289 ipudicanda

172 1294 336 1364 latinitate,
363 1289 450 1375 q'udm
465 1288 510 1350 isti
530 1292 561 1348 in
578 1289 663 1350 latine
681 1288 855 1364 scribendo,
874 1314 931 1373 po·

172 1376 291 1438 tuerint.
312 1373 347 1437 ln
365 1394 397 1434 re
420 1374 497 1433 enim
513 1369 734 1449 hujuscemodi,
797 1394 822 1434 ae
836 1375 930 1435 ratio·

171 1478 244 1518 nem
258 1457 411 1518 hominum
423 1475 456 1513 ac
474 1452 653 1591 dilipentiam
663 1393 935 1536 minitrll’superat,

174 1555 300 1599 erratum
321 1534 457 1598 universe
478 1531 519 1593 fui
542 1552 559 1592 e
576 1534 643 1594 totis
663 1532 793 1593 ducentis
819 1537 930 1610 annis,

172 1617 332 1684 verisimile
343 1638 404 1699 non
414 1614 465 1677 est.
484 1613 578 1693 Quod
591 1631 622 1696 trt
631 1612 819 1692 confirmetur
831 1637 932 1689 exem·

172 1701 230 1844 plis
241 1745 257 1780 ,
268 1719 366 1760 nonne
393 1697 447 1759 hos
472 1696 547 1755 intra
569 1695 711 1757 ducentos
732 1716 824 1757 annos
848 1696 932 1770 stilus

198 1783 343 1863 ipsianus,
362 1800 451 1863 quesn
466 1775 559 1838 statim
574 1776 729 1857 amplexati
751 1775 815 1838 sunt
833 1778 932 1841 imita·

172 1882 254 1927 tores
268 1864 385 1945 pessimi
403 1858 590 1940 complures,
614 1877 685 1920 mox
701 1879 719 1917 a
757 1861 837 1919 eritis
852 1859 932 1941 judi·

173 1945 257 2007 cibus
277 1942 354 2006 recle
367 1942 522 2018 damnatus¹
536 1935 602 2001 est?
622 1937 731 2001 Nonne
780 1940 908 2005 huanuttt
919 1988 934 2019 ‚

172 2047 276 2088 nonne
298 2024 451 2098 Sttadana,
470 2041 568 2083 nonne
581 2020 674 2095 alios,
695 2023 844 2104 quitantia
889 2027 930 2085 ti·

171 2111 256 2171 mittn
273 2109 405 2172 laudibus
429 2105 543 2186 excepti
571 2101 709 2175 fuerant,
741 2046 933 2185 postmodum

171 2189 405 2252 animadversum
428 2185 492 2259 est,
508 2205 569 2246 non
591 2181 648 2244 esse
667 2183 812 2245 latinitatis
831 2186 935 2248 auclo-

171 2293 221 2334 aes
238 2272 289 2335 vel
311 2268 376 2348 satis
397 2273 560 2353 ingenuos,
584 2264 633 2334 vel
652 2267 739 2325 etiam
761 2265 827 2327 satis
845 2289 933 2332 accu-

171 2353 272 2415 ratos?
290 2365 399 2436 atque,
417 2369 449 2414 ut
467 2362 594 2412 meamet
606 2344 665 2427 ipse
684 2348 784 2408 vineta
799 2350 937 2427 caedam,

172 2432 339 2500 nonnehas
353 2433 493 2503 fabellas,
513 2450 583 2570 spuet
599 2447 789 2568 properanter
809 2431 898 2496 nimis
919 2477 932 2507 ,

172 2537 335 2599 parumque
353 2514 518 2578 considerat
547 2556 557 2586 ,
573 2505 649 2569 seme
672 2554 681 2583 ,
701 2527 787 2590 atque
803 2510 933 2587 iterum,

173 2615 262 2679 atque
281 2597 368 2660 tertiis
390 2600 420 2658 in
440 2595 537 2655 lucem
562 2590 669 2663 emisi,
691 2594 857 2675 recognovi,
875 2593 933 2655 de·

174 2697 280 2752 munt,
298 2680 331 2743 δι
352 2698 428 2740 nunc
448 2672 544 2736 offero
560 2671 706 2744 meliore,
738 2688 770 2733 ut
792 2675 901 2755 opinor
918 2719 931 2746 ,

173 2759 241 2822 ssilo
265 2759 448 2834 retradlatas,
478 2776 496 2815 a
520 2753 640 2820 maculis
661 2755 752 2816 etiam
769 2755 931 2817 vindicatas

176 2841 320 2908 nonnullis
331 2885 343 2917 ,
364 2862 434 2926 quas
454 2835 565 2903 incuria
587 2831 684 2900 nostra
702 2833 839 2901 fuderat?
862 2836 938 2911 ,Vc-1
