1984 3659
151 240 700 349 arrianicmmqvmws.
754 266 821 365 385

97 383 807 457 Μω-’ὲᾶῧᾶέεζ-εεν

125 507 460 580 ‚FABULA
509 507 743 585 XXXIV.

253 653 375 722 Simius
399 648 433 723 E«
458 657 648 748 Vulpecula.

71 759 160 885 Jnc
171 834 298 878 anana·
315 825 382 878 olim
400 823 499 878 Simius
519 828 674 896 Vulpecnlae
753 883 755 886 .

63 896 175 959 Suam,
193 897 361 965 exprimendi
380 898 535 952 animalium
553 903 736 968 quorumlibet

74 967 171 1021 Gestus
189 971 216 1022 δι
233 970 356 1034 habitus,
377 972 539 1041 singularem
557 974 720 1032 industriam.

73 1041 227 1110 Vulpecula
247 1045 344 1097 refert:
363 1045 424 1097 Hoc
440 1044 488 1097 tibi
503 1047 569 1099 dabo
588 1050 703 1113 lubens,

74 1116 187 1168 Nullum
204 1114 301 1169 animal
318 1116 390 1181 effe,
407 1120 479 1187 quod
497 1118 597 1171 imitari
608 1137 665 1174 non
678 1140 760 1191 queas

75 1190 117 1240 Ad
130 1187 265 1256 speciem:
284 1205 311 1241 at
325 1190 389 1243 illud
400 1207 429 1242 tu
443 1191 510 1243 mihi
525 1192 647 1246 vicissim
659 1196 750 1264 dabis,

38 1283 43 1286 Α
75 1262 186 1314 Nullum
205 1262 339 1326 inveniti,
357 1265 430 1332 quod
442 1264 542 1317 imitari
555 1281 581 1317 re
594 1267 672 1321 velir.

112 1336 217 1389 Fabella
231 1336 317 1405 carpit
332 1336 388 1390 vile
401 1337 547 1390 mimorum
561 1355 655 1407 genus.

167 1459 735 1521 &Qu

173 1584 735 1664 FABULnXXXV.

333 1731 571 1822 Apodesduae.

78 1836 145 1955 A
154 1914 220 1957 avc
240 1899 360 1953 volucris
377 1899 430 1964 est,
449 1918 508 1970 quae
520 1904 600 1970 pedes
611 1905 692 1960 habet
703 1895 827 1980 quidem

78 1978 129 2029 Sed
146 1977 182 2029 ita
199 1974 319 2028 minutos
335 1974 360 2026 &
377 1974 489 2037 breves,
503 1990 550 2038 ut,
566 1976 591 2027 si
603 1981 672 2032 velit
799 1991 803 1996 ·

78 2049 242 2121 contingere
257 2047 362 2110 solunt,
380 2062 493 2113 nequeat
513 2047 634 2117 ingredi,
650 2069 739 2122 neque

76 2123 144 2176 Hinc
158 2120 213 2190 jana
225 2123 352 2183 avolare,
373 2118 402 2170 ni
415 2117 479 2187 quid
494 2120 555 2187 opis
571 2122 720 2181 advenerit.

77 2198 146 2268 Ergo
163 2195 295 2268 refugiens
307 2194 361 2247 hoc
381 2194 496 2255 malum,
511 2210 655 2263 numquam
674 2199 730 2253 sete

77 2270 223 2338 Quiescit,
245 2267 400 2335 nidumque
420 2265 561 2319 volitando
576 2270 708 2337 quaeritat.

64 2344 200 2410 ,Accidit‚
218 2356 248 2394 nt
261 2340 310 2394 illo
324 2342 356 2393 de
368 2356 464 2410 genere
477 2340 568 2393 avium
586 2344 643 2395 duae

76 2418 174 2471 Pennis
187 2417 305 2470 secantes
320 2413 425 2483 paribus
445 2431 567 2467 auratum
577 2418 682 2487 plagas,
724 2417 726 2424 “

76 2483 213 2550 iacentem
230 2489 259 2541 in
271 2505 336 2558 agro
349 2503 486 2541 cernerent
501 2490 604 2542 dulcem
620 2491 727 2550 cibum,

76 2564 214 2632 Simulque
231 2562 325 2632 magna
343 2562 485 2630 cupiditate
501 2563 663 2615 ardescerent

76 2639 137 2691 Hoc
155 2636 317 2690 stomachum
329 2635 435 2687 inanem
450 2633 585 2688 reficiendi
603 2637 714 2704 pabulo,
820 2691 826 2704 ,

75 2712 168 2765 Amica
183 2711 255 2780 quod
271 2709 327 2761 sors
338 2708 469 2761 'offerebat
482 2710 625 2777 optimum.

73 2785 180 2837 Ndrunr
198 2798 287 2838 tamen
304 2782 468 2849 periculum
484 2783 510 2834 ἃ
523 2786 637 2851 prudens
656 2798 743 2840 metut

21 2855 23 2862 ’
76 2858 172 2927 Aliqua
188 2858 304 2910 refrenat
316 2856 493 2922 appetentiam
509 2856 604 2909 mota:

76 2933 126 2987 Sed
137 2932 263 2985 admonet
277 2930 414 2982 ambarum
430 2943 499 2995 una,
519 2946 554 2982 ne
564 2930 652 2983 datam
665 2931 716 2984 sibl
