1984 3659
203 174 646 250 PRAEFATIO.
731 173 810 272 κνῇ

43 301 98 362 'nio
111 296 248 374 edoctus,
256 295 440 381 suppressisse
451 321 470 382 9
483 297 601 359 fabellas
611 297 672 360 suas
681 298 815 361 videtur.

41 379 246 443 Postmodum
265 384 359 441 arnico
375 380 516 452 cuidam,
538 382 670 441 inertiam
684 377 746 461 ejus
770 383 814 442 in·

47 464 208 545 crepanti,
224 461 407 545 grandiorem
431 477 546 521 aetatem
564 460 641 522 suam
662 483 673 521 1
697 460 813 523 excusa·

49 546 108 606 vit·
125 541 229 625 ltaque
245 542 282 602 ad
298 563 404 602 annum
423 539 530 606 Christi
545 541 587 624 '43
609 541 691 605 facile
706 563 813 624 perve-

46 625 154 699 nerit,
192 644 232 683 uo
250 644 325 684 anno
338 620 447 683 Seneca
459 623 495 682 ad
506 622 662 703 Polybium
671 624 813 696 scribens,

45 703 168 766 'fabulas
208 704 298 764 haedri
317 702 406 764 nostri
427 725 487 764 non
509 703 562 764 sibi
582 703 663 765 fuiffe
684 726 720 766 co
761 707 814 765 itas

45 780 211 847 indicate.
230 783 301 847 Sunt
316 787 414 859 eninr,
434 805 451 845 a
472 804 567 846 morte
586 784 681 868 Sejani
699 808 716 846 a
755 786 814 847 hoc

52 865 146 950 usque
165 883 301 947 tempus,
325 868 391 925 anni
413 887 473 926 non
502 866 623 946 ampliirs
645 868 813 929 duodecin

52 947 118 1010 Jarn
133 969 206 1031 ergo
229 947 392 1007 mirandum
409 962 564 1027 tantopere
582 947 718 1025 nonest,
735 948 816 1030 quod

55 1027 170 1090 Seneca
186 1029 238 1088 vel
258 1026 372 1109 prorsus
393 1025 570 1103 nesciverit,
593 1029 644 1090 vel
664 1031 703 1089 sic
727 1026 813 1089 fuerit

55 1111 174 1171 locutus
185 1151 197 1180 ,
214 1124 348 1189 tanquam
363 1105 492 1172 nesciss'et
505 1152 515 1181 ‚
534 1107 698 1189 anfizbellas
709 1109 737 1172 δ’
747 1108 817 1190 aeso2

52 1197 123 1275 'pers
137 1190 218 1273 logos
237 1188 372 1251 Phaedtus
388 1211 526 1275 umquam
542 1189 684 1253 tentriffet.

99 1350 632 1434 1V.A1›n1n0nrussophtrta‚
660 1353 722 1414 sive
748 1351 816 1413 rhea

61 1450 129 1507 tor,
144 1433 375 1505 Antiochensis,
398 1432 449 1493 sub
475 1431 565 1496 finem
591 1431 736 1506 secundi,
767 1449 815 1494 aut

57 1517 142 1577 initio
157 1516 233 1575 tertii
244 1512 308 1604 post
319 1512 464 1575 Christum
470 1533 571 1575 natum
578 1512 815 1587 stculi,flotuiffe

60 1596 200 1659 creditur.
222 1593 292 1676 Ejus
310 1593 438 1668 fabulae,
459 1616 582 1657 numero
603 1596 816 1679 quadraginta,

60 1677 155 1762 graece
181 1678 213 1737 &
230 1675 316 1737 latine
332 1675 389 1738 unit
408 1697 474 1737 curn
483 1674 619 1817 1ep‘usdent
635 1698 817 1816 pnpymnas·

61 1761 145 1820 matis
164 1754 263 1838 saepius
285 1756 371 1817 edita
391 1755 464 1819 sunt.
516 1779 546 1817 as
560 1776 656 1820 autern
688 1773 817 1838 eparatas

58 1837 90 1902 in
111 1838 192 1898 suam
207 1837 411 1898 colletiionem
434 1838 627 1980 apoloporum
647 1840 818 1920 compegit,

61 1918 175 2003 suisque
207 1917 436 2000 castigationibus
471 1919 520 1979 illu
546 1921 620 1981 ravit
644 1918 817 1980 Neveletus.

60 2000 137 2063 Stilo
152 1999 214 2060 satis
235 2001 279 2059 ele
300 2002 356 2058 anti
375 1997 485 2062 conseri
508 2015 572 2073 tas,
590 2001 700 2062 ratione
727 2000 816 2060 etiam

64 2079 199 2156 ordinis,
217 2103 251 2141 ac
271 2019 465 2164 ‹fispositionis
480 2023 545 2144 fatis
564 2080 671 2143 idonea
683 2079 819 2162 praeditas

62 2163 173 2229 invem.

100 2322 143 2387 V.
163 2323 295 2385 Rurus
317 2322 461 2386 Frsrtrs
483 2323 695 2407 Avienus,qui
709 2322 815 2386 librum

64 2409 101 2468 ile
112 2408 171 2467 oris
182 2406 332 2465 maritimis
343 2407 469 2466 carmine
480 2408 607 2468 iatnhico
621 2406 753 2488 scripsit,
766 2406 817 2485 qui

65 2486 206 2569 Dionysii
222 2483 288 2546 Afri
307 2483 529 2568 descriptionem
552 2488 656 2561 orbis,
675 2486 816 2569 Aratique

64 2565 247 2632 Pronomae
262 2567 392 2632 versibus
407 2566 580 2634 hexametris
601 2569 761 2656 expressit,
780 2584 818 2629 au

98 2743 115 2795 9
135 2726 199 2779 ibid.
217 2724 248 2776 V.
270 2739 311 2790 34.

66 2790 280 2917 {istriis
294 2789 379 2926 tiri.
400 2854 430 2913 c.
445 2873 486 2927 η.
520 2903 522 2909 ,
