1984 3659
213 182 654 256 PRAEFATIO.
735 184 816 253 »ix

63 381 67 386 ⁴
93 305 153 370 'Ar
171 307 299 390 primirm
319 305 479 388 intelligere
496 302 677 366 adversarios
696 301 812 366 nostros

54 393 163 470 cupio,
182 404 324 472 quantum
340 389 376 447 sit
392 387 512 447 latinum
531 388 606 447 inter
622 387 815 469 gallicamque

56 470 183 553 linguam
212 469 269 530 hoc
290 466 461 541 discrimem
481 468 562 549 quod
583 468 741 530 verborum
764 467 816 527 illa

56 552 95 611 ad
116 570 315 622 concentum,
354 550 383 608 ui
396 547 540 628 judicatus
561 546 647 610 fuerit
665 551 815 631 optimus,

57 630 307 714 disponendorum
325 569 457 691 lllrertate
484 629 725 691 commodissimi
746 650 816 713 gau·
866 654 869 658 ·

59 713 154 774 deat:
178 716 253 775 Huc
277 733 291 795 3
312 713 404 773 contrd
418 714 455 772 sir
463 708 546 789 serra
569 713 657 794 legum
671 729 817 793 perpetua·

60 815 138 868 rrrm,
160 797 260 877 quibus
274 810 375 875 oportet
387 815 477 855 omnes
489 814 571 854 voces
589 797 631 853 ita
648 794 791 875 gubernari
806 835 818 865 ,

60 896 157 937 utnon
170 878 283 958 possint
301 877 413 935 recedere
435 875 481 936 vel
499 874 635 934 levissimi
653 878 685 934 de
695 875 817 956 statione

57 956 235 1039 prascripta,
252 955 318 1035 quin
324 955 439 1035 faciant
457 952 695 1095 offensiunculam.
725 954 816 1016 Unde

61 1040 182 1099 evenire
205 1054 298 1120 prope
321 1033 467 1096 neceffee
506 1052 590 1109 ‚ut‚
612 1036 661 1117 qui
688 1034 727 1094 lin
768 1057 816 1096 arn

81 1118 221 1192 allicam‚
248 1117 479 1179 commoratione
504 1114 689 1198 apudipsos
744 1116 817 1179 allos

61 1138 191 1272 diutini,
205 1199 456 1260 &exercitatione
469 1197 580 1278 longi,
599 1198 747 1280 propriam
763 1198 819 1260 sibi

62 1278 282 1362 quodammodo
299 1299 359 1341 non
376 1277 552 1348 reddiderit,
569 1294 598 1337 at
609 1299 646 1338 ex
656 1276 723 1338 solis
738 1279 818 1341 libris

63 1362 225 1443 perceperit
238 1382 248 1435 ;
265 1361 312 1434 is,
328 1362 359 1420 in
376 1379 466 1441 opere
479 1356 636 1440 praesertim
650 1359 737 1439 paulo
750 1361 818 1421 lon·

85 1443 176 1515 ore,
204 1440 316 1505 mendis
340 1439 487 1507 interdum
510 1438 653 1510 ridiculis⁴
671 1439 749 1504 illam
775 1442 819 1502 in·

85 1540 149 1585 cidi·

100 1683 194 1747 Turn
212 1685 319 1749 deinde
336 1685 427 1749 velim
443 1685 644 1760 considerati,
662 1687 732 1772 quid
747 1686 820 1751 Pau·

66 1763 110 1827 lus
134 1766 302 1842 Manutius,
323 1769 394 1852 quid
417 1767 698 1832 Marcus-Antonius
716 1769 819 1831 Mure-

63 1862 109 1909 tus
122 1847 180 1929 (ut
190 1849 261 1910 alios
274 1850 439 1932 complures
451 1849 606 1932 omittam)
627 1852 753 1935 legendo
774 1869 821 1914 at-

104 1930 277 1993 eimitando
288 1931 417 1993 nudiores
427 1931 571 1992 latinitatis
581 1934 730 2014 optimos,
747 1954 819 2014 pro-

64 1950 201 2074 lgcerint.
216 2010 275 2073 Hic
291 2011 445 2096 epistolas,
462 2012 511 2073 ille
521 2015 690 2087 orationes,
709 2011 820 2075 summi

95 2202 109 2255 3
123 2187 261 2254 servilem,
276 2188 306 2244 de
320 2190 483 2260 qualorum,
503 2190 631 2245 verborum
641 2186 818 2260 dispositionem

60 2252 116 2308 loco
127 2254 192 2320 isto,
213 2269 284 2322 quent
304 2255 393 2310 idcirco
405 2258 484 2373 putavi
495 2257 592 2309 diversis
603 2258 646 2310 else
657 2256 729 2311 literis
738 2258 819 2311 dillin-

90 2320 197 2383 endum‚
214 2320 344 2378 adhibere.
363 2334 388 2374 ut
422 2334 431 2373 r
448 2321 472 2373 in
490 2322 597 2375 oratione
614 2322 713 2391 gallica,
730 2324 818 2380 voluit

104 2384 153 2436 iilis
175 2384 281 2452 legibus,
302 2401 359 2452 quas
372 2388 462 2466 ignorat
481 2387 599 2448 latinitas.
617 2392 669 2440 mihi
688 2390 819 2457 peripsam

59 2448 225 2518 obtemperare
243 2465 365 2517 parumper
377 2452 466 2504 hcuitr
487 2464 573 2504 tantam
591 2453 628 2505 illa
646 2454 758 2507 videlicet
778 2468 822 2505 no·

61 2513 129 2582 liram
150 2515 197 2567 elle
217 2516 266 2570 vult
290 2515 401 2569 scribendi
419 2517 570 2578 libertatem,
599 2532 706 2585 quantam
725 2520 821 2585 requirit

62 2579 196 2632 adhibenda
215 2580 255 2632 [lili
275 2582 397 2638 varietas,
431 2583 654 2660 tantamquesensus
671 2584 758 2635 aurium
773 2583 822 2635 do·

63 2644 111 2699 eus
121 2661 151 2697 at
163 2644 275 2722 delicatus
292 2644 402 2724 postulat.
414 2596 487 2711 luins
504 2648 597 2713 quidem
614 2649 724 2701 libertatis
746 2647 821 2701 afferri

48 2724 93 2762 ex
103 2710 238 2763 audonbus
250 2711 345 2777 optmis
355 2710 422 2763 facile
439 2711 529 2776 pollent
539 2716 663 2780 exempla,
711 2713 761 2765 ibus
773 2728 821 2766 ea·

63 2774 116 2826 dent
136 2776 256 2830 sententio
275 2776 383 2830 omuibus
401 2775 453 2831 lere
469 2776 547 2831 nodis
562 2778 668 2846 exprella
694 2779 825 2832 emonllra·

62 2852 172 2905 rentur„
814 2851 819 2857 ‘

620 2905 679 2972 arr
