1984 3659
150 308 219 386 34²
276 288 391 357 Fan.
420 284 781 354 AEsoorraom

150 403 905 482 *mm

293 533 596 610 FABULA
644 530 755 605 XX.

357 735 360 742 .
411 678 492 749 Mur
512 699 636 772 captus.

148 784 314 909 Mau
330 850 471 906 obibcutua
487 848 585 904 blando
597 846 740 918 muscipuli
749 849 821 908 dolo

147 929 214 982 Mes
233 927 382 981 libertarent
396 925 518 978 amiserat
533 925 607 979 suam
616 942 628 979 t
653 939 784 994 gemens,

148 1001 333 1073 Ingensque,
348 999 372 1053 si
389 998 442 1070 qui
456 996 512 1052 fdrs
531 997 577 1051 vii
594 998 683 1068 possit
698 996 792 1069 fugam
901 995 907 1006 ⁴

148 1076 286 1141 Tentare,
308 1072 413 1144 quaerit.
428 1071 528 1125 Radius
540 1107 550 1131 ,
567 1071 647 1125 exilis
660 1069 794 1141 quidem,

148 1150 187 1202 At
199 1148 300 1203 ferreus
312 1184 322 1212 ,
335 1145 418 1199 obstat
427 1161 507 1199 unus.
525 1145 619 1212 Quid?
634 1145 717 1214 quid,
730 1144 756 1197 si
767 1142 842 1198 meio

147 1220 301 1285 Connitat,
316 1218 425 1291 inquit,
441 1219 515 1272 hunc
529 1231 642 1272 atterere
658 1217 807 1272 dentibus?

147 1294 230 1351 Heu!
243 1307 351 1360 metuo,
366 1310 401 1348 ne
419 1292 493 1362 pride
510 1291 566 1361 ipre
576 1293 669 1345 denter
683 1307 838 1347 conteram.

147 1368 255 1440 ligna,
275 1384 376 1433 nuces,
392 1366 432 1420 ini
449 1365 545 1436 sepius
557 1379 588 1419 ut
598 1364 781 1432 corroserint,

148 1442 230 1496 Nunc
246 1443 274 1497 dt
287 1443 428 1497 corrodere
441 1439 543 1494 ferrum
558 1454 614 1509 quo
628 1440 735 1492 valeant
746 1438 857 1494 modo!

149 1516 277 1570 Difficilis
288 1532 370 1586 opera
384 1512 467 1568 nimia
484 1513 532 1567 est.
548 1512 677 1582 Experiar
689 1528 791 1568 tamen.

70 1615 74 1624 e
149 1587 252 1650 Dixitt
269 1589 403 1659 simulque
418 1586 523 1641 radium
537 1585 620 1640 iratus
632 1585 763 1655 adspicit,

149 1662 292 1733 Simulque
306 1661 424 1718 medium
440 1659 644 1730 comprehendit
660 1659 822 1728 mordicus,
900 1659 907 1669 ⁴

151 1734 263 1806 luitque
277 1737 391 1790 tundent
408 1733 504 1800 tenui,
523 1734 568 1788 sed
585 1733 748 1792 creberrimo

149 1806 365 1879 Acerrimoque.
380 1806 579 1863 circumradere
595 1806 700 1878 incipit.

150 1880 225 1938 Ferri
237 1881 343 1952 quidem
354 1880 473 1951 percuffa
484 1895 540 1934 tam
551 1881 716 1950 perennibus
777 1929 785 1938 ,

148 1954 241 2027 Plagis
255 1954 375 2009 soliditas
390 1956 498 2008 tinnulo
513 1952 616 2022 crepitu
634 1954 728 2014 sonata

150 2030 190 2083 At
203 2026 261 2098 ipsa
277 2028 364 2083 minui
377 2028 416 2082 nil
431 2029 540 2082 videtur
552 2044 568 2081 :-
578 2027 632 2080 hoc
645 2027 721 2080 videt

150 2100 267 2168 Tristia,
287 2119 336 2157 nec
353 2102 416 2156 ideo
429 2103 493 2156 Mus
506 2099 683 2154 desistendum
697 2111 795 2168 putate

151 2175 242 2230 Immo
256 2176 289 2230 ad
303 2178 423 2231 laborem
441 2176 469 2228 se
484 2174 565 2227 refert
585 2173 756 2233 animosiore

150 2248 346 2319 Tandemque,
366 2247 506 2319 postquim
526 2246 563 2300 est
575 2245 722 2300 innumeris
733 2240 880 2299 conatibus

150 2319 241 2375 Petita
253 2320 317 2375 ferri
333 2322 462 2386 durities,
479 2321 548 2374 hanc
565 2319 694 2390 perspicit

150 2396 217 2449 Non
228 2392 281 2450 effe
297 2394 382 2449 aruris
401 2394 525 2448 dentibus
538 2392 742 2447 inviolabilem

148 2469 265 2531 ,violate
277 2467 385 2540 pergite
399 2468 487 2521 radius
503 2466 624 2520 atteritur
635 2466 720 2538 magis

154 2543 319 2616 Magisque:
339 2543 366 2595 bt
379 2541 433 2612 ipsi
444 2542 536 2594 dentes
546 2554 710 2602 atteruntur,
723 2550 752 2590 at

152 2618 221 2672 Non
231 2629 425 2677 conterunrur3
440 2615 527 2669 immo
542 2611 574 2666 fit
592 2611 715 2667 subtilior

154 2689 239 2745 Acies
257 2707 352 2747 eorum
366 2708 373 2743 r
389 2706 450 2760 pare
467 2691 575 2743 demum
592 2688 659 2752 iila,
676 2702 735 2756 que
749 2682 835 2738 semei

152 2760 273 2819 corrodi
293 2763 450 2837 coepturi,
465 2762 618 2833 usqueadeo
633 2756 810 2824 corroditur,

152 2835 256 2893 Donec
275 2838 378 2893 redacta
390 2837 427 2892 est
446 2838 479 2891 ad
494 2835 616 2907 fragilem
637 2831 791 2888 minutiam.

153 2907 240 2974 Quod
252 2912 469 2965 animadvertens
480 2949 489 2974 ,
509 2905 621 2963 concito
628 2907 693 2960 Mur
705 2906 810 2974 impetu

153 2979 188 3037 ln
197 2980 300 3038 radium
310 2984 365 3057 agit
376 2985 403 3038 se
416 3022 424 3046 ‚
442 2984 472 3037 &-
481 2983 555 3053 cogit
567 2980 690 3045 inflecti,
710 2977 736 3032 δι
752 2976 831 3031 viane
