1984 3659
144 235 702 317 linannactmvsonrnws.
753 248 827 331 33n

68 355 143 409 'sum
160 356 270 411 senior:
262 353 332 409 ·lste
342 352 428 413 ridet.
442 350 552 423 iuquit,
566 370 616 408 nos
627 355 732 413 bomo

70 431 167 500 Neque
180 432 269 491 nulla,
282 444 330 481 cut
339 444 380 483 stc
392 426 491 491 rideat,
512 441 583 480 tatto
593 428 686 482 subest

72 501 280 556 Conscendere
272 501 354 573 igitur
364 500 394 553 in
404 500 519 553 Asinum
535 515 586 554 nos
607 501 737 571 expedit:

57 577 163 640 dcet,
178 577 348 658 vigensque
338 574 391 636 est3
405 571 483 628 sacild
501 591 552 627 nos
569 575 648 629 ambo
666 577 767 633 vehet·

71 649 172 702 Ethaec
186 651 290 702 locutus
302 647 382 713 ,eius
400 664 489 701 armos
509 662 643 717 occupat·

72 724 115 775 Ac
133 723 228 775 deinde
247 723 352 775 lumbos
366 720 438 774 filius
450 721 522 775 levis
538 721 635 776 insilit.

10 846 15 851 .
72 794 176 848 Vertim
193 811 254 848 ecce
270 811 430 849 mercatores
446 797 594 847 accelerant
611 796 685 862 duo,

72 868 223 937 vicemque
240 869 348 937 pecudis
361 867 448 920 obiter
461 865 593 931 objiciunt
604 869 685 934 Seni,
702 882 704 885 ·

73 941 163 995 Onesi
176 943 286 994 ferendo
301 940 364 992 huic
382 939 483 1007 duplici
504 940 603 1009 quippe
619 940 754 1010 imparis·,

72 1015 278 1099 Querunrque,
293 1013 410 1066 uendere
426 1012 554 1066 nundinis
568 1011 632 1083 quid
645 1015 814 1090 cogitet,

73 1088 197 1158 ipsamne
213 1087 372 1146 viventem,
388 1101 536 1140 antorsum
547 1089 706 1147 demortuae.

73 1161 229 1229 Respondet
240 1158 305 1212 ille:
322 1160 431 1244 pecudis
443 1160 569 1245 egregias·
578 1160 631 1213 suae
746 1218 747 1221 ,

74 1235 162 1288 Notas
178 1233 228 1286 sibi
239 1231 291 1286 effe
304 1234 397 1294 vires,
418 1249 470 1287 nec
486 1233 570 1288 merui
586 1232 678 1291 locunt

74 1308 170 1360 Ullum
180 1304 300 1369 subesse
316 1323 350 1358 ne
366 1305 486 1360 fatiscat:
501 1306 528 1358 se
545 1321 636 1360 tamen

75 1381 152 1434 Inani
165 1396 261 1432 eorum
277 1377 393 1432 consilio
412 1380 491 1432 malle
509 1379 641 1446 obsequi,

75 1455 118 1506 Ne
136 1453 260 1522 pertinax
273 1452 394 1505 dicatur:
406 1468 442 1505 ex
457 1451 543 1505 Asino
559 1452 641 1505 simul

19 1552 24 1557 ·
76 1526 195 1590 Desilit,
203 1527 239 1584 &
253 1540 372 1596 equitem
385 1523 472 1578 filium
490 1524 608 1594 sequitur
622 1526 714 1595 pedes
794 1549 798 1556 ·

77 1598 195 1665 Quidam
213 1599 301 1652 severi
316 1596 376 1668 pdst
390 1595 470 1668 pauli)
489 1607 633 1652 occurrunt
649 1600 752 1669 Senes,

77 1673 112 1725 Et
127 1671 339 1726 Adolescentis
322 1671 424 1757 ‘ignavi
442 1672 637 1740 impudentiam

78 1744 196 1815 crepere
211 1743 329 1799 verbis
321 1763 458 1815 increpare
470 1747 541 1799 haud
557 1746 706 1803 mollibust

80 1820 186 1873 Habete
200 1818 294 1872 canum
311 1820 482 1889 pedisequum
495 1821 552 1873 tt'tu'
567 1823 662 1875 audeas

78 1892 229 1957 imberbis,
250 1894 277 1946 δι
292 1892 331 1945 sic
345 1893 511 1963 negligenter
525 1894 638 1958 devehi,

77 1967 152 2021 Dutn
164 1967 273 2020 verulus
287 1963 357 2035 aegr¹e
367 1967 478 2034 pedibus
492 1963 591 2033 assequi
606 1964 714 2035 potest?

77 2041 215 2095 Descende
228 2035 315 2096 vetor
334 2037 429 2106 &ipse
442 2036 529 2105 capiat
541 2039 611 2090 hunc
628 2040 740 2106 locum,

78 2116 169 2182 Quem
182 2110 231 2165 tibi
246 2109 361 2178 relinqui
374 2109 442 2163 ratio
461 2109 532 2163 resia
546 2127 602 2163 non
619 2110 694 2165 sinit.

78 2189 150 2242 Tum
162 2184 299 2238 Rusticus:
316 2184 392 2236 Nunc
409 2181 510 2247 video,
528 2200 599 2236 nunc
617 2182 760 2268 intelligo,

79 2259 195 2314 Difficile
211 2255 291 2326 quam
311 2255 347 2310 sit
365 2255 544 2310 obsecundare
559 2256 702 2314 omnibus·

79 2336 173 2388 Adhuc
185 2344 276 2384 tamen
289 2331 373 2383 aleam
384 2327 436 2382 effe
452 2331 604 2384 tentandam
618 2345 704 2401 putot

79 2406 233 2469 Descende,
253 2402 303 2458 lili.
323 2402 379 2471 Qui
394 2402 499 2472 paterni
511 2402 627 2470 iussibus

80 2480 150 2534 Cdm
168 2474 314 2548 p,aruiffet
337 2477 383 2531 ille
399 2476 429 2530 in
445 2474 503 2542 eius
517 2478 544 2532 se
560 2481 651 2532 locum

81 2551 228 2608 Substituit.
245 2550 358 2621 Aliquot
370 2549 517 2620 vixpafl'us
533 2548 735 2621 processerant·

80 2625 185 2709 Ingruit
199 2622 226 2676 δι
242 2623 368 2693 obstrepit
380 2641 415 2679 en
428 2625 577 2694 puellarum
595 2624 710 2687 cohors,

82 2702 159 2768 Quas
176 2696 246 2749 inter
260 2712 314 2748 una
330 2696 425 2751 ceteris
441 2697 625 2767 petulantior:

82 2771 153 2840 Quis
167 2770 239 2822 hunc
251 2782 399 2837 patienter
416 2769 521 2838 inquit,
536 2770 761 2829 adolescentulum

82 2848 128 2901 Sic
146 2841 279 2914 pedibus'
271 2857 311 2895 ire
324 2841 433 2905 videat,
448 2843 474 2895 δι
491 2859 576 2911 prope
592 2842 691 2898 confici

81 2920 204 2985 Labore,
221 2917 284 2971 dum
298 2913 346 2975 istc
359 2913 472 2971 bardus
464 2929 494 2971 tn
507 2914 592 2973 Asino
601 2916 692 2993 sedet,
