1984 3659
201 205 359 283 ‘Lim
384 230 736 307 nuouactmuu
787 237 860 314 279

99 329 216 387 audivit
229 334 345 405 aliquis,
362 335 389 388 δι
402 334 584 405 impudentem
595 337 704 391 bestiam

101 409 236 461 Refellere
253 407 320 477 ipsis
332 410 455 463 veritatis
474 410 579 464 vitibus

102 480 175 533 Cium
190 482 292 544 vellet,
306 499 321 534 e
336 483 437 552 pariete
450 484 595 536 detractum
613 482 707 550 objicit

100 556 256 622 Speculum.
270 555 320 608 Sed
331 555 376 609 ille
391 558 422 611 de
434 560 508 610 malo
518 558 637 627 queritur
648 559 733 625 dolo,

100 626 137 679 Et
151 626 233 692 obiici
247 629 384 698 speculum
398 630 506 684 infidele
521 630 649 684 clamitat.

142 700 260 755 Absurda
275 720 387 772 quaeque
405 703 509 757 somnia
521 704 573 758 sibi
586 704 687 775 fingere

100 773 170 828 Fere
185 775 276 841 solet,
293 792 369 830 amor
387 794 467 848 quem
482 779 523 831 sul
542 778 634 832 stultus
651 792 738 834 tenet.

190 902 871 962 &effi-22>

246 994 726 1115 fluuitxtt.

417 1192 546 1269 Statua,

102 1297 167 1423 Ja
176 1372 194 1411 c
204 1373 222 1412 u
231 1371 305 1414 m·
318 1359 392 1414 tarbis
410 1358 549 1430 inquinata
567 1357 689 1413 sordibus

103 1432 257 1485 Marmorea
274 1436 380 1488 moles:
398 1435 465 1487 hanc
478 1433 579 1503 petitus
594 1433 691 1486 artifex

102 1506 238 1570 Detexit,
255 1507 409 1576 expolivit,
426 1508 563 1577 pulchram
580 1506 699 1576 denique

103 1580 138 1631 ln
153 1578 262 1633 statuam
277 1582 381 1645 vertit,
402 1581 429 1634 ἀ
441 1581 543 1635 locavit
560 1580 589 1633 in
603 1581 676 1643 basi,

103 1650 146 1705 Ei)
157 1655 241 1723 tnagis
254 1656 427 1719 laudandam,
447 1653 502 1724 qui
516 1655 602 1708 fuerat
612 1652 699 1724 magis

104 1723 233 1792 Abiesla,
247 1728 385 1799 magisque
401 1727 507 1794 iniuriis
524 1727 653 1782 obnoxia.

143 1800 226 1871 Regia
243 1802 357 1870 potestat
371 1804 403 1856 ab
419 1801 518 1856 humili
535 1802 559 1855 si
576 1818 656 1871 quem
672 1802 736 1854 loco

103 1873 226 1934 Extulit,
243 1877 375 1942 adorant,
394 1876 442 1946 qui
455 1877 527 1930 hunc
542 1875 617 1945 priuis
635 1872 861 1941 contempserant.

198 1999 766 2060 «ἔψεξε-ΞΕ)

217 2135 242 2202 F
266 2133 296 2204 A
322 2133 348 2204 B
375 2134 408 2205 U
435 2132 520 2202 LA
569 2131 606 2202 X
630 2130 645 2200 l
670 2132 738 2203 ΙΙ.

295 2277 416 2349 Mulier
434 2273 467 2348 ἂ
488 2234 670 2371 Speculum.

19 2505 25 2509 .
107 2381 244 2535 Quae
259 2452 367 2520 pulchra
376 2449 475 2521 suerat,
493 2448 594 2517 Mulier
604 2449 665 2503 tium
676 2449 843 2518 senesceret,

105 2523 210 2594 incepit
229 2524 280 2579 esse
301 2526 451 2594 turpicula:
466 2522 509 2576 sui
528 2538 617 2577 tamen

106 2600 142 2652 Se
158 2598 188 2652 in
200 2599 319 2653 laevitate
333 2596 441 2668 speculi
453 2597 555 2650 amabat
567 2631 575 2657 ‚
588 2611 619 2649 ut
631 2595 721 2664 priris,

105 2671 241 2741 Inspicere
256 2691 263 2726 a
284 2687 311 2725 at
327 2673 389 2725 iude
402 2673 472 2724 nulla
485 2669 540 2735 iattt
555 2668 703 2722 remittitur

106 2746 220 2817 Imago,
238 2762 297 2814 quae
313 2762 370 2798 non
385 2743 442 2810 eius
456 2744 548 2797 animo
565 2742 688 2811 suggerat

106 2819 254 2889 Augurium
268 2818 341 2872 triste
351 2820 384 2871 de
398 2815 520 2885 reliquiis
538 2814 663 2867 omnibus
696 2884 703 2899 θ
734 2884 741 2899 .

105 2891 247 2949 Veretum
263 2893 290 2948 &
306 2890 446 2963 lepurum,
459 2887 608 2958 iamruinae
624 2895 769 2959 proximu&
