<?xml version="1.0" encoding="UTF-8"?>
<!DOCTYPE html PUBLIC "-//W3C//DTD XHTML 1.0 Transitional//EN"
    "http://www.w3.org/TR/xhtml1/DTD/xhtml1-transitional.dtd">
<html xmlns="http://www.w3.org/1999/xhtml" xml:lang="en" lang="en">
 <head>
  <title>
</title>
<meta http-equiv="Content-Type" content="text/html;charset=utf-8" />
  <meta name='ocr-system' content='tesseract 3.04.00' />
  <meta name='ocr-capabilities' content='ocr_page ocr_carea ocr_par ocr_line ocrx_word'/>
</head>
<body>
  <div class='ocr_page' id='page_1' title='image "./franciscijoseph00desbgoog_0380.png"; bbox 0 0 1984 3659; ppageno 0'>
   <div class='ocr_carea' id='block_1_1' title="bbox 148 215 888 402">
    <p class='ocr_par' dir='ltr' id='par_1_1' title="bbox 148 215 888 402">
     <span class='ocr_line' id='line_1_1' title="bbox 148 215 820 314; baseline -0.01 -23"><span class='ocrx_word' id='word_1_1' title='bbox 148 228 221 314; x_wconf 79' lang='lat'>&#39;344</span> <span class='ocrx_word' id='word_1_2' title='bbox 256 219 340 296; x_wconf 67' lang='grc' dir='ltr'>,ΡΑ</span> <span class='ocrx_word' id='word_1_3' title='bbox 366 215 820 287; x_wconf 71' lang='lat' dir='ltr'>n.AEso·r1A1trsnr&#39;</span> 
     </span>
     <span class='ocr_line' id='line_1_2' title="bbox 174 345 888 402; baseline -0.003 -8"><span class='ocrx_word' id='word_1_4' title='bbox 174 345 888 402; x_wconf 42' lang='lat' dir='ltr'>‹efflatu-Q</span> 
     </span>
    </p>
   </div>
   <div class='ocr_carea' id='block_1_2' title="bbox 249 466 852 705">
    <p class='ocr_par' dir='ltr' id='par_1_2' title="bbox 249 466 852 705">
     <span class='ocr_line' id='line_1_3' title="bbox 249 466 852 566; baseline -0.002 -25.989"><span class='ocrx_word' id='word_1_5' title='bbox 249 467 559 541; x_wconf 85' lang='lat' dir='ltr'><strong>FABULA</strong></span> <span class='ocrx_word' id='word_1_6' title='bbox 608 466 852 566; x_wconf 85' lang='lat' dir='ltr'>XXII</span> 
     </span>
     <span class='ocr_line' id='line_1_4' title="bbox 251 597 757 705; baseline -0.002 -23"><span class='ocrx_word' id='word_1_7' title='bbox 251 597 256 602; x_wconf 24' lang='lat'>³</span> <span class='ocrx_word' id='word_1_8' title='bbox 329 609 757 705; x_wconf 57' lang='lat' dir='ltr'>Harundobq&#39;usfllia.</span> 
     </span>
    </p>
   </div>
   <div class='ocr_carea' id='block_1_3' title="bbox 120 724 898 1948">
    <p class='ocr_par' dir='ltr' id='par_1_3' title="bbox 151 724 898 1221">
     <span class='ocr_line' id='line_1_5' title="bbox 151 724 834 844; baseline -0.008 -1"><span class='ocrx_word' id='word_1_9' title='bbox 151 724 365 844; x_wconf 61' lang='lat' dir='ltr'>Panum</span> <span class='ocrx_word' id='word_1_10' title='bbox 379 782 542 839; x_wconf 81' lang='lat' dir='ltr'>Hirundo</span> <span class='ocrx_word' id='word_1_11' title='bbox 521 800 561 838; x_wconf 84' lang='lat' dir='ltr'>src</span> <span class='ocrx_word' id='word_1_12' title='bbox 578 785 708 838; x_wconf 84' lang='lat' dir='ltr'>monebat</span> <span class='ocrx_word' id='word_1_13' title='bbox 724 782 834 841; x_wconf 82' lang='lat' dir='ltr'>filiam.</span> 
     </span>
     <span class='ocr_line' id='line_1_6' title="bbox 151 845 898 931; baseline 0 -18"><span class='ocrx_word' id='word_1_14' title='bbox 151 860 202 913; x_wconf 88' lang='lat' dir='ltr'>Me</span> <span class='ocrx_word' id='word_1_15' title='bbox 212 845 341 931; x_wconf 82' lang='lat' dir='ltr'>sequete;</span> <span class='ocrx_word' id='word_1_16' title='bbox 349 876 458 912; x_wconf 86' lang='lat' dir='ltr'>mecum</span> <span class='ocrx_word' id='word_1_17' title='bbox 473 858 579 926; x_wconf 88' lang='lat' dir='ltr'>paribus</span> <span class='ocrx_word' id='word_1_18' title='bbox 594 858 663 921; x_wconf 81' lang='lat' dir='ltr'>hac,</span> <span class='ocrx_word' id='word_1_19' title='bbox 683 876 734 928; x_wconf 90' lang='lat' dir='ltr'>qua</span> <span class='ocrx_word' id='word_1_20' title='bbox 745 862 898 927; x_wconf 78' lang='lat' dir='ltr'>praevolo,</span> 
     </span>
     <span class='ocr_line' id='line_1_7' title="bbox 152 897 882 1002; baseline 0.003 -17"><span class='ocrx_word' id='word_1_21' title='bbox 152 933 295 988; x_wconf 81' lang='lat' dir='ltr'>Contende</span> <span class='ocrx_word' id='word_1_22' title='bbox 310 933 424 1002; x_wconf 84' lang='lat' dir='ltr'>pennis:</span> <span class='ocrx_word' id='word_1_23' title='bbox 442 948 539 1002; x_wconf 85' lang='lat' dir='ltr'>arque,</span> <span class='ocrx_word' id='word_1_24' title='bbox 555 933 656 984; x_wconf 82' lang='lat' dir='ltr'>audin&#39;.</span> <span class='ocrx_word' id='word_1_25' title='bbox 648 897 663 967; x_wconf 63' lang='lat'>&gt;³</span> <span class='ocrx_word' id='word_1_26' title='bbox 677 934 806 985; x_wconf 84' lang='lat' dir='ltr'>laevam</span> <span class='ocrx_word' id='word_1_27' title='bbox 786 950 882 995; x_wconf 85' lang='lat' dir='ltr'>trrne,</span> 
     </span>
     <span class='ocr_line' id='line_1_8' title="bbox 155 1004 802 1074; baseline -0.002 -14"><span class='ocrx_word' id='word_1_28' title='bbox 155 1008 232 1061; x_wconf 83' lang='lat' dir='ltr'>Cave</span> <span class='ocrx_word' id='word_1_29' title='bbox 248 1008 301 1060; x_wconf 86' lang='lat' dir='ltr'>huc</span> <span class='ocrx_word' id='word_1_30' title='bbox 316 1009 438 1066; x_wconf 79' lang='lat' dir='ltr'>aberres3</span> <span class='ocrx_word' id='word_1_31' title='bbox 454 1022 531 1058; x_wconf 89' lang='lat' dir='ltr'>muro</span> <span class='ocrx_word' id='word_1_32' title='bbox 549 1004 652 1059; x_wconf 84' lang='lat' dir='ltr'>adfixos</span> <span class='ocrx_word' id='word_1_33' title='bbox 671 1005 802 1074; x_wconf 88' lang='lat' dir='ltr'>proximo</span> 
     </span>
     <span class='ocr_line' id='line_1_9' title="bbox 152 1078 879 1145; baseline 0 -11"><span class='ocrx_word' id='word_1_34' title='bbox 152 1080 246 1134; x_wconf 82' lang='lat' dir='ltr'>Video</span> <span class='ocrx_word' id='word_1_35' title='bbox 260 1079 371 1134; x_wconf 76' lang='lat' dir='ltr'>bacinos</span> <span class='ocrx_word' id='word_1_36' title='bbox 386 1098 394 1133; x_wconf 79' lang='lat' dir='ltr'>r</span> <span class='ocrx_word' id='word_1_37' title='bbox 411 1080 502 1131; x_wconf 79' lang='lat' dir='ltr'>vetula</span> <span class='ocrx_word' id='word_1_38' title='bbox 519 1079 597 1138; x_wconf 80' lang='lat' dir='ltr'>sum3</span> <span class='ocrx_word' id='word_1_39' title='bbox 615 1078 740 1132; x_wconf 86' lang='lat' dir='ltr'>homines</span> <span class='ocrx_word' id='word_1_40' title='bbox 756 1080 813 1145; x_wconf 87' lang='lat' dir='ltr'>jam</span> <span class='ocrx_word' id='word_1_41' title='bbox 830 1078 879 1134; x_wconf 80' lang='lat' dir='ltr'>diu</span> 
     </span>
     <span class='ocr_line' id='line_1_10' title="bbox 153 1150 710 1221; baseline -0.007 -13"><span class='ocrx_word' id='word_1_42' title='bbox 153 1154 230 1209; x_wconf 81' lang='lat' dir='ltr'>Novi</span> <span class='ocrx_word' id='word_1_43' title='bbox 242 1152 368 1215; x_wconf 80' lang='lat' dir='ltr'>dolosos,</span> <span class='ocrx_word' id='word_1_44' title='bbox 381 1150 497 1221; x_wconf 79' lang='lat' dir='ltr'>perfidos</span> <span class='ocrx_word' id='word_1_45' title='bbox 510 1170 518 1204; x_wconf 75' lang='lat' dir='ltr'>r</span> <span class='ocrx_word' id='word_1_46' title='bbox 533 1151 631 1220; x_wconf 83' lang='lat' dir='ltr'>aliquid</span> <span class='ocrx_word' id='word_1_47' title='bbox 646 1152 710 1204; x_wconf 83' lang='lat' dir='ltr'>mali</span> 
     </span>
    </p>

    <p class='ocr_par' dir='ltr' id='par_1_4' title="bbox 120 1224 870 1443">
     <span class='ocr_line' id='line_1_11' title="bbox 120 1224 814 1296; baseline 0.001 -20"><span class='ocrx_word' id='word_1_48' title='bbox 120 1270 125 1276; x_wconf 86' lang='grc'><em>,</em></span> <span class='ocrx_word' id='word_1_49' title='bbox 156 1226 282 1296; x_wconf 83' lang='lat' dir='ltr'>Suspicor</span> <span class='ocrx_word' id='word_1_50' title='bbox 298 1225 336 1278; x_wconf 81' lang='lat' dir='ltr'>ibi</span> <span class='ocrx_word' id='word_1_51' title='bbox 352 1224 416 1279; x_wconf 81' lang='lat' dir='ltr'>effe.</span> <span class='ocrx_word' id='word_1_52' title='bbox 436 1224 553 1278; x_wconf 79' lang='lat' dir='ltr'>Arilla:</span> <span class='ocrx_word' id='word_1_53' title='bbox 572 1225 645 1291; x_wconf 86' lang='lat' dir='ltr'><strong>Quid</strong></span> <span class='ocrx_word' id='word_1_54' title='bbox 663 1224 742 1295; x_wconf 82' lang='lat' dir='ltr'>fingit</span> <span class='ocrx_word' id='word_1_55' title='bbox 759 1224 814 1279; x_wconf 81' lang='lat' dir='ltr'><strong>sibi</strong></span> 
     </span>
     <span class='ocr_line' id='line_1_12' title="bbox 153 1297 870 1369; baseline 0.001 -16"><span class='ocrx_word' id='word_1_56' title='bbox 153 1300 218 1353; x_wconf 87' lang='lat' dir='ltr'>Mea</span> <span class='ocrx_word' id='word_1_57' title='bbox 230 1315 332 1364; x_wconf 84' lang='lat' dir='ltr'>maret,</span> <span class='ocrx_word' id='word_1_58' title='bbox 347 1297 436 1369; x_wconf 75' lang='lat' dir='ltr'>inquit</span> <span class='ocrx_word' id='word_1_59' title='bbox 445 1299 634 1351; x_wconf 75' lang='lat' dir='ltr'>murmurans?</span> <span class='ocrx_word' id='word_1_60' title='bbox 651 1299 714 1368; x_wconf 84' lang='lat' dir='ltr'>quid</span> <span class='ocrx_word' id='word_1_61' title='bbox 728 1299 870 1354; x_wconf 71' lang='lat' dir='ltr'>somniat?</span> 
     </span>
     <span class='ocr_line' id='line_1_13' title="bbox 156 1372 723 1443; baseline -0.004 -15"><span class='ocrx_word' id='word_1_62' title='bbox 156 1372 230 1428; x_wconf 71' lang='lat' dir='ltr'>Vere</span> <span class='ocrx_word' id='word_1_63' title='bbox 245 1374 343 1428; x_wconf 87' lang='lat' dir='ltr'>fatetur</span> <span class='ocrx_word' id='word_1_64' title='bbox 358 1374 388 1426; x_wconf 86' lang='lat' dir='ltr'>se</span> <span class='ocrx_word' id='word_1_65' title='bbox 403 1374 540 1432; x_wconf 69' lang='lat' dir='ltr'>verulam</span> <span class='ocrx_word' id='word_1_66' title='bbox 556 1389 638 1443; x_wconf 84' lang='lat' dir='ltr'>nugas</span> <span class='ocrx_word' id='word_1_67' title='bbox 650 1372 723 1426; x_wconf 86' lang='lat' dir='ltr'>enirn</span> 
     </span>
    </p>

    <p class='ocr_par' dir='ltr' id='par_1_5' title="bbox 156 1444 684 1516">
     <span class='ocr_line' id='line_1_14' title="bbox 156 1444 684 1516; baseline -0.006 -14"><span class='ocrx_word' id='word_1_68' title='bbox 156 1449 215 1502; x_wconf 79' lang='lat' dir='ltr'>Has</span> <span class='ocrx_word' id='word_1_69' title='bbox 231 1446 289 1515; x_wconf 80' lang='lat' dir='ltr'>ejus</span> <span class='ocrx_word' id='word_1_70' title='bbox 301 1444 353 1501; x_wconf 77' lang='lat' dir='ltr'>effe</span> <span class='ocrx_word' id='word_1_71' title='bbox 366 1444 445 1516; x_wconf 69' lang='lat' dir='ltr'>plane</span> <span class='ocrx_word' id='word_1_72' title='bbox 458 1445 542 1499; x_wconf 82' lang='lat' dir='ltr'>aniles</span> <span class='ocrx_word' id='word_1_73' title='bbox 559 1446 684 1499; x_wconf 84' lang='lat' dir='ltr'>arbitror.</span> 
     </span>
    </p>

    <p class='ocr_par' dir='ltr' id='par_1_6' title="bbox 157 1519 715 1578">
     <span class='ocr_line' id='line_1_15' title="bbox 157 1519 715 1578; baseline 0 -4"><span class='ocrx_word' id='word_1_74' title='bbox 157 1522 291 1578; x_wconf 77' lang='lat' dir='ltr'>Accedere</span> <span class='ocrx_word' id='word_1_75' title='bbox 303 1520 367 1573; x_wconf 82' lang='lat' dir='ltr'>istos</span> <span class='ocrx_word' id='word_1_76' title='bbox 382 1522 415 1573; x_wconf 83' lang='lat' dir='ltr'>ad</span> <span class='ocrx_word' id='word_1_77' title='bbox 429 1519 540 1573; x_wconf 86' lang='lat' dir='ltr'>bacillos</span> <span class='ocrx_word' id='word_1_78' title='bbox 555 1537 598 1573; x_wconf 90' lang='lat' dir='ltr'>me</span> <span class='ocrx_word' id='word_1_79' title='bbox 616 1535 691 1573; x_wconf 90' lang='lat' dir='ltr'>vetar</span> <span class='ocrx_word' id='word_1_80' title='bbox 707 1540 715 1574; x_wconf 90' lang='lat'><strong>:</strong></span> 
     </span>
    </p>

    <p class='ocr_par' dir='ltr' id='par_1_7' title="bbox 158 1592 770 1664">
     <span class='ocr_line' id='line_1_16' title="bbox 158 1592 770 1664; baseline -0.003 -17"><span class='ocrx_word' id='word_1_81' title='bbox 158 1595 189 1648; x_wconf 85' lang='lat' dir='ltr'>Id</span> <span class='ocrx_word' id='word_1_82' title='bbox 202 1594 325 1664; x_wconf 84' lang='lat' dir='ltr'>equidem</span> <span class='ocrx_word' id='word_1_83' title='bbox 340 1594 427 1648; x_wconf 78' lang='lat' dir='ltr'>facere</span> <span class='ocrx_word' id='word_1_84' title='bbox 440 1592 553 1647; x_wconf 72' lang='lat' dir='ltr'>minime</span> <span class='ocrx_word' id='word_1_85' title='bbox 568 1593 770 1663; x_wconf 70' lang='lat' dir='ltr'>cogitaveram</span> 
     </span>
    </p>

    <p class='ocr_par' dir='ltr' id='par_1_8' title="bbox 160 1666 711 1737">
     <span class='ocr_line' id='line_1_17' title="bbox 160 1666 711 1737; baseline -0.002 -16"><span class='ocrx_word' id='word_1_86' title='bbox 160 1670 197 1721; x_wconf 79' lang='lat' dir='ltr'>At</span> <span class='ocrx_word' id='word_1_87' title='bbox 213 1667 351 1737; x_wconf 85' lang='lat' dir='ltr'>experiri,</span> <span class='ocrx_word' id='word_1_88' title='bbox 370 1683 413 1721; x_wconf 84' lang='lat' dir='ltr'>me</span> <span class='ocrx_word' id='word_1_89' title='bbox 429 1666 524 1721; x_wconf 83' lang='lat' dir='ltr'>timere</span> <span class='ocrx_word' id='word_1_90' title='bbox 540 1670 611 1737; x_wconf 83' lang='lat' dir='ltr'>quod</span> <span class='ocrx_word' id='word_1_91' title='bbox 621 1666 711 1734; x_wconf 87' lang='lat' dir='ltr'>jubet,</span> 
     </span>
    </p>

    <p class='ocr_par' dir='ltr' id='par_1_9' title="bbox 159 1739 827 1884">
     <span class='ocr_line' id='line_1_18' title="bbox 159 1739 827 1811; baseline 0.007 -19"><span class='ocrx_word' id='word_1_92' title='bbox 159 1739 250 1807; x_wconf 74' lang='lat' dir='ltr'>Quam</span> <span class='ocrx_word' id='word_1_93' title='bbox 268 1758 324 1794; x_wconf 89' lang='lat' dir='ltr'>non</span> <span class='ocrx_word' id='word_1_94' title='bbox 335 1740 483 1794; x_wconf 87' lang='lat' dir='ltr'>timendum</span> <span class='ocrx_word' id='word_1_95' title='bbox 494 1741 589 1805; x_wconf 84' lang='lat' dir='ltr'>fuerit,</span> <span class='ocrx_word' id='word_1_96' title='bbox 604 1742 729 1811; x_wconf 84' lang='lat' dir='ltr'>protinus</span> <span class='ocrx_word' id='word_1_97' title='bbox 746 1743 827 1798; x_wconf 68' lang='lat' dir='ltr'>volo·</span> 
     </span>
     <span class='ocr_line' id='line_1_19' title="bbox 160 1813 742 1884; baseline 0.005 -18"><span class='ocrx_word' id='word_1_98' title='bbox 160 1813 260 1874; x_wconf 76' lang='lat' dir='ltr'>Dixirr</span> <span class='ocrx_word' id='word_1_99' title='bbox 274 1814 407 1882; x_wconf 74' lang='lat' dir='ltr'>simulque</span> <span class='ocrx_word' id='word_1_100' title='bbox 422 1815 579 1884; x_wconf 81' lang='lat' dir='ltr'>provolavit</span> <span class='ocrx_word' id='word_1_101' title='bbox 589 1816 641 1867; x_wconf 89' lang='lat' dir='ltr'>huc</span> <span class='ocrx_word' id='word_1_102' title='bbox 650 1815 720 1869; x_wconf 81' lang='lat' dir='ltr'>levis</span> <span class='ocrx_word' id='word_1_103' title='bbox 733 1854 742 1878; x_wconf 82' lang='lat'><em>.</em></span> 
     </span>
    </p>

    <p class='ocr_par' dir='ltr' id='par_1_10' title="bbox 161 1887 771 1948">
     <span class='ocr_line' id='line_1_20' title="bbox 161 1887 771 1948; baseline 0.002 -9"><span class='ocrx_word' id='word_1_104' title='bbox 161 1887 240 1940; x_wconf 88' lang='lat' dir='ltr'>Unde</span> <span class='ocrx_word' id='word_1_105' title='bbox 250 1889 372 1940; x_wconf 75' lang='lat' dir='ltr'>revolare</span> <span class='ocrx_word' id='word_1_106' title='bbox 383 1904 439 1940; x_wconf 91' lang='lat' dir='ltr'>non</span> <span class='ocrx_word' id='word_1_107' title='bbox 454 1889 543 1942; x_wconf 77' lang='lat' dir='ltr'>sinent</span> <span class='ocrx_word' id='word_1_108' title='bbox 555 1888 676 1941; x_wconf 87' lang='lat' dir='ltr'>miseram</span> <span class='ocrx_word' id='word_1_109' title='bbox 692 1888 748 1941; x_wconf 87' lang='lat' dir='ltr'>doli</span> <span class='ocrx_word' id='word_1_110' title='bbox 762 1921 771 1948; x_wconf 92' lang='lat'>,</span> 
     </span>
    </p>
   </div>
   <div class='ocr_carea' id='block_1_4' title="bbox 162 1959 840 2402">
    <p class='ocr_par' dir='ltr' id='par_1_11' title="bbox 162 1959 834 2179">
     <span class='ocr_line' id='line_1_21' title="bbox 162 1959 831 2032; baseline 0.001 -19"><span class='ocrx_word' id='word_1_111' title='bbox 162 1960 242 2027; x_wconf 78' lang='lat' dir='ltr'>Quot</span> <span class='ocrx_word' id='word_1_112' title='bbox 255 1960 345 2032; x_wconf 81' lang='lat' dir='ltr'>fugere</span> <span class='ocrx_word' id='word_1_113' title='bbox 362 1959 442 2028; x_wconf 85' lang='lat' dir='ltr'>jussit</span> <span class='ocrx_word' id='word_1_114' title='bbox 459 1962 572 2031; x_wconf 86' lang='lat' dir='ltr'>provida</span> <span class='ocrx_word' id='word_1_115' title='bbox 587 1961 699 2014; x_wconf 68' lang='lat' dir='ltr'>niminm</span> <span class='ocrx_word' id='word_1_116' title='bbox 718 1976 831 2031; x_wconf 83' lang='lat' dir='ltr'>parens:</span> 
     </span>
     <span class='ocr_line' id='line_1_22' title="bbox 162 2033 834 2106; baseline 0 -19"><span class='ocrx_word' id='word_1_117' title='bbox 162 2034 232 2087; x_wconf 76' lang='lat' dir='ltr'>Nam</span> <span class='ocrx_word' id='word_1_118' title='bbox 247 2034 298 2087; x_wconf 81' lang='lat' dir='ltr'>vir</span> <span class='ocrx_word' id='word_1_119' title='bbox 317 2034 457 2105; x_wconf 77' lang='lat' dir='ltr'>attigerat,</span> <span class='ocrx_word' id='word_1_120' title='bbox 475 2036 575 2098; x_wconf 80' lang='lat' dir='ltr'>sentit,</span> <span class='ocrx_word' id='word_1_121' title='bbox 596 2037 623 2089; x_wconf 87' lang='lat'>&amp;</span> <span class='ocrx_word' id='word_1_122' title='bbox 639 2035 731 2088; x_wconf 81' lang='lat' dir='ltr'>frustra</span> <span class='ocrx_word' id='word_1_123' title='bbox 747 2033 834 2106; x_wconf 78' lang='lat' dir='ltr'>gemit</span> 
     </span>
     <span class='ocr_line' id='line_1_23' title="bbox 164 2108 677 2179; baseline 0 -18"><span class='ocrx_word' id='word_1_124' title='bbox 164 2108 225 2161; x_wconf 81' lang='lat' dir='ltr'>Sese</span> <span class='ocrx_word' id='word_1_125' title='bbox 239 2123 370 2162; x_wconf 86' lang='lat' dir='ltr'>retentam</span> <span class='ocrx_word' id='word_1_126' title='bbox 386 2110 522 2179; x_wconf 73' lang='lat' dir='ltr'>glutinosa</span> <span class='ocrx_word' id='word_1_127' title='bbox 539 2111 677 2178; x_wconf 86' lang='lat' dir='ltr'>compede.</span> 
     </span>
    </p>

    <p class='ocr_par' dir='ltr' id='par_1_12' title="bbox 164 2177 840 2402">
     <span class='ocr_line' id='line_1_24' title="bbox 202 2177 840 2250; baseline 0.002 -17"><span class='ocrx_word' id='word_1_128' title='bbox 202 2181 281 2234; x_wconf 83' lang='lat' dir='ltr'>Pueri</span> <span class='ocrx_word' id='word_1_129' title='bbox 302 2183 328 2234; x_wconf 87' lang='lat'>&amp;</span> <span class='ocrx_word' id='word_1_130' title='bbox 347 2186 442 2250; x_wconf 71' lang='lat' dir='ltr'>puellae</span> <span class='ocrx_word' id='word_1_131' title='bbox 460 2198 643 2236; x_wconf 85' lang='lat' dir='ltr'>contumacem</span> <span class='ocrx_word' id='word_1_132' title='bbox 664 2177 840 2234; x_wconf 87' lang='lat' dir='ltr'>meminerint</span> 
     </span>
     <span class='ocr_line' id='line_1_25' title="bbox 164 2253 762 2328; baseline -0.002 -23"><span class='ocrx_word' id='word_1_133' title='bbox 164 2254 251 2306; x_wconf 78' lang='lat' dir='ltr'>Avem</span> <span class='ocrx_word' id='word_1_134' title='bbox 263 2253 367 2308; x_wconf 79' lang='lat' dir='ltr'>irruiffe</span> <span class='ocrx_word' id='word_1_135' title='bbox 383 2269 437 2309; x_wconf 88' lang='lat' dir='ltr'>tarn</span> <span class='ocrx_word' id='word_1_136' title='bbox 457 2274 537 2328; x_wconf 85' lang='lat' dir='ltr'>grave</span> <span class='ocrx_word' id='word_1_137' title='bbox 552 2257 581 2309; x_wconf 90' lang='lat' dir='ltr'>in</span> <span class='ocrx_word' id='word_1_138' title='bbox 596 2254 762 2326; x_wconf 88' lang='lat' dir='ltr'>periculum,</span> 
     </span>
     <span class='ocr_line' id='line_1_26' title="bbox 164 2325 820 2402; baseline 0.003 -20"><span class='ocrx_word' id='word_1_139' title='bbox 164 2328 229 2382; x_wconf 79' lang='lat' dir='ltr'>Non</span> <span class='ocrx_word' id='word_1_140' title='bbox 239 2325 313 2400; x_wconf 74' lang='lat' dir='ltr'>qnod</span> <span class='ocrx_word' id='word_1_141' title='bbox 328 2330 462 2398; x_wconf 81' lang='lat' dir='ltr'>placeret,</span> <span class='ocrx_word' id='word_1_142' title='bbox 482 2331 528 2384; x_wconf 86' lang='lat' dir='ltr'>sed</span> <span class='ocrx_word' id='word_1_143' title='bbox 549 2331 611 2402; x_wconf 85' lang='lat' dir='ltr'>quia</span> <span class='ocrx_word' id='word_1_144' title='bbox 626 2328 741 2383; x_wconf 83' lang='lat' dir='ltr'>veritum</span> <span class='ocrx_word' id='word_1_145' title='bbox 755 2325 820 2384; x_wconf 74' lang='lat' dir='ltr'>fuit.</span> 
     </span>
    </p>
   </div>
   <div class='ocr_carea' id='block_1_5' title="bbox 501 2540 594 2735">
    <p class='ocr_par' dir='ltr' id='par_1_13' title="bbox 484 2540 609 2774">
     <span class='ocr_line' id='line_1_27' title="bbox 501 2540 594 2735; baseline 0 -3"><span class='ocrx_word' id='word_1_146' title='bbox 501 2540 594 2735; x_wconf 53' lang='lat' dir='ltr'>{a</span> 
     </span>
    </p>
   </div>
   <div class='ocr_carea' id='block_1_6' title="bbox 0 0 1029 3659">
    <p class='ocr_par' dir='ltr' id='par_1_14' title="bbox 0 0 1029 3659">
     <span class='ocr_line' id='line_1_28' title="bbox 0 0 1029 3659; baseline 0 0"><span class='ocrx_word' id='word_1_147' title='bbox 0 0 1029 3659; x_wconf 95' lang='lat' dir='ltr'> </span> 
     </span>
    </p>
   </div>
  </div>
 </body>
</html>
