1984 3659
73 207 76 212 ⁸
195 232 747 317 Ltusnnncruvsoururus.
798 225 868 328 389

114 350 250 419 Locutus,
269 351 359 426 inquit
372 354 487 422 {immo
500 354 580 409 volui
596 354 686 409 dicere

114 427 205 491 Illud,
225 431 297 498 quod
314 429 366 515 effe
382 428 503 498 comperi
520 445 615 481 vetum
633 428 733 495 nimis,

116 499 212 552 Meum
225 518 240 553 a
254 518 301 555 tuo
314 502 388 556 furffe
400 503 548 572 porcellum
565 517 630 554 cane

116 572 254 629 Occisum.
270 578 296 629 Is
314 593 380 646 ergo
394 575 485 628 fecerit
503 574 617 643 aliquam
631 573 707 643 prior

114 644 264 714 Iniuriam,
280 649 370 719 inquit
379 649 530 707 Dominus3
544 648 570 701 δι
581 649 633 701 hoc
643 647 724 717 padio
732 647 805 701 suant

115 715 171 771 Sibi
188 721 333 789 perniciem
350 722 443 775 stultus
460 721 629 775 arcessiverit
642 741 653 775 e*

115 792 190 845 Male
203 795 310 864 quidem
323 795 437 855 fadum
454 808 627 848 nunetamen
638 793 702 848 satis
712 792 750 848 est
763 792 831 848 muri

115 864 199 931 Quod
213 869 316 921 crimen
329 868 407 935 hujus
428 884 529 937 poena,
543 884 632 932 mors,
646 866 711 934 justa
727 867 803 939 eluit.

114 938 183 999 Abi;
199 955 317 1011 tuosque
330 957 428 1009 porcos
447 941 542 994 melius
561 942 658 1004 educa,

114 1011 148 1063 Et
161 1014 262 1082 aliquid
273 1030 399 1083 umquam
416 1013 505 1067 simile
521 1030 555 1067 ne
565 1027 695 1083 peccent,
710 1030 788 1072 cave.
846 1069 849 1074 ,

151 1086 180 1138 si
191 1103 252 1139 eum
270 1101 381 1155 potente
395 1089 522 1140 damnum
535 1087 746 1157 expostulaverit

113 1156 234 1225 Tenuis,
252 1160 335 1213 abibit
344 1161 438 1230 saepius
450 1160 501 1214 vix
515 1160 658 1215 innocens.

199 1288 765 1346 e——v-Q’fflffl

210 1410 484 1483 FABULA
530 1409 752 1484 XXXIX.

287 1553 411 1623 Taurus
435 1548 468 1624 ὃ
488 1552 589 1623 Canes
604 1556 684 1625 duo,

114 1658 195 1778 ΤΑ
203 1737 225 1777 u
235 1738 255 1777 n
262 1739 284 1779 u
294 1721 434 1779 sanimosi
444 1723 561 1795 pestoris
573 1724 634 1779 euim
645 1725 765 1781 fervidos

112 1796 172 1852 vix
188 1797 274 1867 poffet
291 1799 365 1853 aestus
378 1799 465 1865 ferre,
477 1798 588 1868 jadiabat
604 1814 700 1869 eaput,

112 1870 263 1926 Minacihus
279 1889 355 1925 auras
370 1874 526 1925 verberabat
546 1872 690 1937 cornibus,

23 2001 26 2010 ,
112 1943 224 1998 Pedibus
237 1946 370 1998 revellens
385 1962 462 2013 putre
478 1945 594 1998 fodiebat
611 1947 721 2009 solum,

110 2017 265 2088 Levenrque
286 2015 340 2070 late
359 2017 505 2085 dissipabat
522 2019 674 2085 pulverem.

110 2090 214 2144 luteted
226 2107 316 2160 opacae
333 2091 445 2144 fronded
461 2091 508 2143 sub
522 2088 624 2143 arboris

109 2164 243 2227 Fornice,
263 2163 348 2234 quieti
361 2165 479 2217 membra
493 2162 642 2231 tranquillae
653 2160 749 2215 dabant

110 2237 175 2290 Duo
190 2237 327 2291 Molossi:
346 2254 414 2307 quos
433 2236 458 2289 is
472 2234 618 2306 adspiciens
631 2248 713 2288 vocat

110 2308 205 2379 Pigros
218 2349 229 2374 ‚
243 2309 361 2370 inertest
376 2308 470 2375 obiicit
481 2310 509 2362 δι
521 2309 692 2362 socordiane

110 2382 229 2436 Virtutis
246 2384 287 2437 illi
299 2384 345 2437 sed
362 2385 415 2438 suae
428 2385 502 2438 bene
517 2382 634 2448 conscii,

109 2455 274 2511 insanientis·
285 2473 358 2510 vana
368 2459 546 2528 contemnunt
560 2458 675 2527 probra,

110 2531 143 2582 Et
160 2530 199 2582 nil
216 2546 370 2585 moventur.
389 2529 473 2584 Paulb
487 2529 548 2600 pbst
568 2545 657 2583 autem
672 2524 784 2591 acciditj

111 2606 185 2657 ldetn
199 2618 228 2655 ut
243 2603 369 2673 superbus
381 2603 428 2657 ilie
440 2613 517 2656 novo
531 2602 619 2655 subito
634 2602 738 2669 impetu

110 2680 151 2731 Ad
166 2676 322 2746 proximum
335 2677 398 2731 hinc
416 2679 443 2729 se
459 2675 628 2749 precipitem
643 2687 733 2745 ageret
747 2686 860 2727 nemus:

112 2752 180 2805 Cum
194 2749 286 2805 nuda
302 2766 385 2819 porto
396 2762 498 2802 temere
514 2747 647 2808 lustraret,
666 2747 751 2811 duos,

111 2826 188 2892 Quos
205 2841 220 2876 e
235 2824 352 2876 latibulis
367 2823 456 2893 egredi
474 2835 599 2889 coegerat

107 2899 264 2968 lmportuna
280 2897 385 2959 fames,
401 2894 501 2948 obvios
514 2894 607 2947 babuit
627 2894 731 2962 lupos.

447 2982 449 2994 ·
625 2969 650 3020 R
668 2967 700 3032 iii
738 2969 741 2975 '
