1984 3659
182 185 292 283 Fan,
311 186 596 271 AEsoncha.
618 195 740 267 XIVa
791 211 859 305 325

110 298 293 375 Gaudentem:
306 311 334 365 in
345 313 420 367 illum
432 314 503 369 sort'e
512 317 590 370 ambo
598 318 799 374 descenderant:

110 374 182 430 Inter
199 382 225 434 se
243 384 329 439 amice
347 390 532 458 colloquentes
548 392 610 442 dum
624 394 774 457 ambulant,

112 446 188 504 Persa
199 456 231 507 ad
239 459 370 525 parietem
380 464 522 530 expansam
534 467 632 516 malurn
644 466 788 533 persicam,

110 518 230 581 Pulchris
250 532 370 585 onustam
387 535 551 605 maturisque
570 537 716 598 srudlibus,

109 593 248 678 Adspicit3
267 607 309 669 dc,
327 606 410 671 Illud,
422 608 528 678 inquit,
546 627 637 662 nonne
649 609 703 675 jam
714 610 759 663 diu

109 664 232 747 Didicilli
246 680 314 744 apud
330 696 380 733 nos
396 680 447 735 esse
462 699 579 750 praesens
597 682 744 737 toxicum?

111 741 167 794 Cur
183 760 247 816 ergo
262 750 291 803 in
309 753 391 806 horto
408 758 546 810 collocas?
563 773 610 809 cur
624 756 747 810 excolis?

109 813 180 868 Turn
193 820 307 877 Gallus:
325 827 412 881 Arbor
424 845 504 896 quam
517 843 656 898 tantopere
670 829 799 899 despicis,

110 886 144 940 Et
155 892 336 960 abominaris,
354 898 472 952 surculus
486 904 619 969 quondam
632 902 683 955 suit

109 960 143 1012 In
155 963 264 1020 Perside
276 968 333 1036 ipsd
347 984 442 1026 natus:
457 975 527 1026 hunc
538 973 592 1044 legi
601 993 637 1028 ex
645 992 710 1047 agro

109 1033 248 1091 Horumce
266 1041 419 1098 toxicorutn
436 1046 621 1117 fertilissimo,

108 1104 298 1183 Repetensque
310 1117 420 1183 patriam
431 1120 482 1173 huc
494 1121 576 1191 usque
587 1138 691 1176 rnecunt
699 1121 837 1189 transtuli,

109 1179 144 1231 Et
155 1185 285 1250 educavi,
303 1188 449 1245 &excolui
465 1194 525 1247 nr'eai
538 1211 640 1255 manut

108 1253 142 1304 Et
153 1254 210 1322 ejus
221 1258 300 1313 hodie
311 1279 347 1314 ex
357 1264 483 1318 frustibus
497 1306 505 1330 ,
520 1285 601 1336 quern
613 1267 761 1323 maximum

109 1324 371 1403 Pulcherrimurnque
386 1336 534 1404 invenero,
548 1356 603 1393 rete
612 1344 679 1394 volo
742 1366 744 1369 ·

110 1401 275 1459 Comedere:
295 1408 398 1473 disces,
414 1413 543 1480 quantum
561 1430 576 1464 e
591 1415 672 1467 natali
686 1413 736 1467 suo

110 1469 199 1529 Prosit
212 1478 354 1549 aliquando
373 1484 402 1535 in
421 1485 493 1541 aliud
503 1488 637 1557 transferri
648 1488 745 1541 solum.

197 1607 768 1669 e-&Qessas

243 1729 560 1803 frnssunn
609 1734 716 1807 ιιι.

348 1872 617 1945 Ριιὶεκᾶἦοιηο.

111 1975 268 2109 Ponant
281 2041 424 2096 cuticulam
436 2044 575 2111 hominis,
590 2045 640 2116 qud
650 2047 793 2109 tenerrima
808 2049 863 2118 esi,

39 2128 41 2133 ’
108 2113 295 2167 Momorderat
311 2117 443 2169 dolosus:
466 2118 493 2170 &
511 2135 595 2184 mox,
613 2121 748 2176 vindicem

109 2188 242 2241 Accedere
252 2205 359 2245 manum
375 2186 509 2254 sentiens,
525 2193 669 2262 refugerat.
743 2230 746 2235 -

110 2262 147 2313 At
160 2262 323 2330 perquisitus
333 2261 425 2316 sedulo
439 2263 578 2333 postquam
590 2267 658 2333 suit,

109 2333 228 2389 Densum
239 2334 393 2399 invenitur,
411 2350 490 2405 atque
501 2342 672 2407 comprensus
684 2381 692 2406 ,
707 2359 801 2397 necem

110 2404 167 2460 Sibi
181 2405 297 2476 paratam
316 2409 459 2479 intelligitt
477 2410 625 2466 &humilis
641 2429 720 2483 rogat

111 2477 251 2544 Ultorem,
272 2482 324 2536 sibi
338 2483 443 2536 misello
453 2496 564 2551 parcere
579 2501 609 2539 ut
624 2489 708 2550 velit,

113 2550 233 2606 Bestiolae
245 2557 361 2609 morsum
374 2570 429 2610 tarn
440 2556 543 2624 pusillae
559 2574 613 2612 tant
632 2562 723 2613 levem
734 2596 743 2625 ,

110 2622 231 2691 Dignum
248 2627 351 2681 ultione
369 2643 424 2682 tarn
441 2629 533 2683 severd
549 2647 584 2683 ne
601 2645 687 2698 putet.

110 2697 263 2765 Respondet
280 2701 344 2754 illei
361 2703 400 2754 'se
414 2701 481 2757 mihi
493 2704 579 2757 fateor
596 2721 689 2771 parum

110 2769 259 2831 Nocuisser
275 2772 432 2829 sed'nocere
446 2775 471 2829 si
485 2775 574 2842 posses
583 2777 691 2845 magis,

112 2843 152 2899 Te
163 2859 218 2907 non
229 2845 286 2903 fore
297 2843 346 2921 ribi
359 2859 568 2925 temperaturum
578 2847 654 2919 scio,
695 2920 700 2927 ⁸
