1984 3659
150 260 222 336 300
286 239 789 308 antAEso-rrannir
859 240 864 247 '

75 402 77 408 -
143 360 248 416 Crearit
263 359 350 430 ipsum
364 360 470 431 gibbcre
489 374 622 414 carentem
639 359 717 410 Deus
728 356 750 407 ἒ·

185 437 289 487 Fabella
301 451 424 505 magnam
439 436 472 488 ad
487 433 625 487 nationem
639 431 777 501 pertinet,

147 508 217 573 Quae
236 508 305 561 vitia
323 509 443 578 quadarn
454 508 522 577 quia-
528 507 623 576 probat
635 521 707 557 nuuc
720 500 827 558 &colit
835 541 854 567 ,

146 581 187 636 Ea
202 583 285 636 vellet
303 579 428 637 omnibus
441 580 493 636 effe
510 581 730 649 uirnitumloco.
815 612 817 615 -

234 704 810 764 u-——r-*fl-——o

184 824 619 901 ¹''F‘ABULA
668 825 732 896 Il.

281 972 368 1065 Buso
394 967 434 1044 &-
450 970 513 1040 Mu
537 974 586 1041 cla
610 970 768 1071 silvssris.

151 1081 304 1200 Dm
314 1155 440 1195 nuru
450 1155 496 1194 nn
518 1140 641 1210 corporis
657 1141 816 1200 foedissima

150 1219 305 1286 coopertus
316 1215 457 1285 undique„
468 1215 495 1268 bt
509 1232 620 1270 veneno
632 1216 753 1285 turgidus

151 1291 239 1355 Bufo,
259 1291 341 1363 pigre
359 1290 462 1360 paludis
479 1291 534 1345 urla
547 1292 577 1342 in
589 1289 706 1359 margine

150 1365 288 1418 Cuhabat:
302 1364 366 1420 hinc
375 1363 522 1418 silvestrem
531 1362 670 1416 Mustelam
683 1362 794 1432 adspicit
804 1404 822 1430 ,‚

151 1440 241 1509 Atque
260 1439 338 1491 simul
354 1439 448 1491 oculos
465 1437 553 1490 tabidi
568 1436 680 1490 infcbios
697 1439 759 1502 lue,

150 1513 185 1566 Et
202 1510 315 1582 turpiter
333 1511 481 1566 eminentes
497 1511 526 1564 in
540 1526 599 1564 eam
614 1508 740 1578 conjicit,

151 1585 303 1656 Vibrarque
318 1584 412 1652 virus,
434 1583 637 1655 adspectumque
656 1599 779 1637 mutuum

92 1706 96 1711 ,
151 1658 342 1724 sollicitamur
357 1659 507 1715 intuentem
522 1658 617 1712 obtutu
628 1657 738 1711 fascinet
747 1677 763 1711 :-

151 1733 224 1785 Turn
233 1735 314 1786 latera
326 1770 335 1796 ,
349 1733 473 1797 sufflans,
490 1730 678 1801 horridamque
687 1730 769 1802 agitat
778 1746 894 1796 cuteuu,
922 1762 924 1765 ·

151 1807 186 1859 Et
203 1822 251 1860 ore
267 1807 360 1875 patulo
375 1804 482 1878 spiritus
497 1804 658 1859 teterrimos

151 1879 282 1946 Emittit,
296 1880 401 1932 occulti
415 1879 567 1936 attrahendi
582 1877 715 1949 preditos

152 1952 272 2009 Virtute.
289 1954 389 2023 Magno
401 1955 428 2008 se
442 1952 524 2019 objici
537 1954 658 2021 periculo

152 2027 281 2099 intelligit
296 2027 425 2088 Mustelae
440 2028 512 2082 hunc
523 2026 662 2079 adversum
676 2039 767 2079 tamen

153 2104 259 2157 Contra
273 2100 411 2163 inruerunt
429 2102 473 2166 δι,
491 2099 666 2160 timonium,
683 2098 786 2175 inquit,
805 2100 884 2157 allici

153 2175 221 2245 Tam
237 2176 329 2247 turpi,
341 2190 448 2245 eantque
463 2174 643 2232 abominando
660 2190 703 2229 me
716 2173 822 2241 sinaml

152 2248 288 2300 Horresco
304 2264 430 2316 reputans
451 2254 458 2304 !
483 2246 586 2313 satius,
604 2248 656 2303 heu
669 2252 676 2302 l
688 2247 769 2303 luerit
784 2246 878 2303 moria

152 2321 205 2374 Sed
220 2319 349 2374 allicietur
365 2323 479 2386 misera,
495 2321 522 2374 bt
535 2320 665 2374 morietur
680 2319 771 2373 simul.

151 2396 228 2452 Nam
237 2393 306 2449 Bulo
316 2393 454 2465 postquam
470 2395 540 2447 vidit
550 2393 692 2448 attonitam
706 2409 797 2460 meru,

152 2469 187 2521 Et
204 2467 370 2538 inquietam,
393 2468 620 2538 &adspicientem
632 2467 792 2532 identidem,

153 2542 256 2595 Cubare
271 2543 421 2610 perseverat
435 2542 465 2595 in
483 2544 583 2598 eodem
592 2545 680 2601 locos..

152 2618 247 2686 Neque
262 2614 330 2675 verb
346 2616 450 2691 segnius
466 2614 573 2670 interim
587 2612 750 2683 corpusculis

153 2688 305 2744 Missilibus
322 2689 398 2751 instat
411 2691 526 2760 praedam
540 2688 753 2744 circumscribere
764 2708 779 2745 r.
869 2712 873 2716 ⁴

154 2763 280 2827 Quorum
292 2763 339 2818 illa
351 2763 406 2829 iam
421 2780 477 2823 non
492 2763 655 2822 affluentiam
667 2763 768 2820 valens

152 2835 288 2901 sufferre,
308 2837 412 2903 resilit,
431 2837 554 2900 subsilit,
569 2835 664 2905 quaerit
680 2833 750 2888 mali,

152 2905 287 2978 Effugiuru
297 2945 307 2968 ,
316 2910 479 2980 'nullumque
489 2911 614 2975 invenit,
629 2910 722 2987 patulo
733 2904 789 2964 nisi
