1984 3659
4 260 13 267 ,
123 210 250 282 Lacca
266 227 455 282 nacturus
476 190 684 296 Quantus.
736 204 818 325 mnf

47 330 142 402 Copia
158 334 301 398 ciborum,
321 333 347 387 dt
362 330 458 386 blanda
471 332 610 401 tempestas
622 333 701 387 simul

50 407 156 460 lnvitet
172 410 225 460 huc
237 409 333 460 volare
350 405 406 475 quo
429 406 479 459 fert
494 407 613 475 impetus
630 424 638 459 ι

52 479 169 533 Tristem
185 494 271 549 ergo,
289 479 381 548 resque
395 481 589 547 praevidentem
604 478 713 550 longius

53 553 155 605 Vatem
167 552 339 622 relinquunt3
359 553 385 605 δι
398 552 494 620 pericli
511 552 575 621 quid
588 553 670 605 vehat

54 625 178 695 Tempus
192 625 325 688 fututum,
337 624 454 695 cogitare
472 626 535 678 dum
552 626 664 690 timent,

56 696 221 762 Pascuntur,
236 698 414 762 obleciantur‚
429 697 562 769 garriunt¹
579 712 688 754 canunt.

57 768 167 824 Interei
184 784 309 841 properat
326 771 428 824 exoriri
443 770 589 835 cannabis,

59 843 247 912 Campumque
261 841 314 908 iam
330 860 439 896 omnem
457 843 553 898 viridis
569 844 687 898 occuluit
700 843 787 917 seges.v

60 917 197 986 Prospicit
207 918 346 981 Hirundo‚
362 917 487 986 Avesque
500 917 588 969 rursus
603 920 768 974 admonens:

60 991 136 1043 Dum
148 1005 256 1053 tenera,
268 990 382 1059 dumque
394 988 513 1060 gramina
522 989 567 1042 ista
579 990 639 1043 sunt
650 993 734 1046 adhuc

62 1063 186 1133 Exigua,
199 1062 293 1115 vellite
304 1061 425 1131 singula,
443 1062 548 1131 inquit,
568 1064 594 1116 δι
611 1067 709 1118 malam

64 1139 180 1190 Abolete
194 1134 320 1204 segetem.
340 1134 392 1188 Hic
401 1134 555 1205 obstrepunt
569 1153 664 1191 omnes
682 1138 763 1192 simul
820 1146 822 1151 '

65 1207 267 1264 Conviciantes.
283 1209 318 1259 At
328 1225 415 1261 meam
426 1209 495 1261 hanc
506 1210 597 1261 saltem
608 1211 732 1265 ultimam

64 1281 287 1335 Admonitionem
297 1297 349 1343 ne,
364 1279 472 1351 inquit,
490 1281 685 1349 aspernemini:

67 1355 164 1409 Statim
180 1371 210 1407 ec
226 1353 313 1423 parari
330 1354 357 1407 δι
377 1353 468 1406 instrui
483 1354 611 1408 videbitis

68 1428 208 1498 Curiusque
223 1425 393 1497 perfidosque
407 1428 564 1496 laqueorum
585 1429 684 1495 dolos,

67 1502 153 1569 Quod
170 1501 196 1554 &
211 1500 265 1570 ipsa
279 1500 359 1554 vobis
378 1500 436 1554 esca
450 1500 605 1555 monstrabit
622 1501 704 1571 satis,

70 1573 218 1645 Benigniits
229 1572 365 1642 proje&a;
382 1588 446 1626 tune
462 1574 579 1628 absistite

72 1650 135 1703 Huc
146 1647 246 1715 passim
259 1648 285 1699 dt
296 1646 358 1700 illuc
371 1646 529 1718 pervagari,
546 1663 576 1701 ut
592 1661 690 1711 antea;

73 1722 125 1775 Sed
143 1720 172 1772 in
187 1718 297 1772 remotis
314 1721 451 1774 continete
469 1738 522 1775 vos
534 1722 613 1776 locis.

71 1796 132 1849 Nos
142 1792 204 1846 hinc
215 1791 321 1863 quidem
336 1793 478 1847 didicimus
497 1793 526 1846 in
540 1795 605 1849 alias
620 1796 715 1865 procul
748 1831 750 1834 >

73 1866 219 1921 Abscedere
232 1867 323 1936 plagas
337 1884 344 1919 ε
361 1866 456 1920 veriam
469 1868 503 1921 ad
517 1869 570 1921 boc
582 1871 656 1923 bono
670 1869 707 1923 est
726 1885 795 1941 opus

74 1939 201 2009 Remigio
216 1941 336 2002 alarum,
352 1942 429 2008 quale
441 1941 532 2009 paucis
546 1942 652 2012 obtigit.

74 2014 224 2069 Prudenter
239 2012 425 2066 admonentem
442 2014 511 2066 ferre
526 2030 582 2066 non
596 2013 683 2082 potest

78 2088 157 2142 Gens
167 2082 295 2140 obstinata
306 2085 377 2137 hunc
386 2086 469 2155 usque
480 2086 593 2139 vivendi
608 2089 719 2140 modum

77 2161 208 2221 Servare,
228 2155 275 2226 qui
292 2159 382 2210 levem
399 2176 467 2212 unus
484 2159 602 2212 indolem
617 2159 713 2226 juvat:

78 2229 275 2286 Tumultuosis
283 2245 444 2299 concrepant
457 2232 642 2304 clangoribust

79 2304 301 2373 Caffandmmque
321 2320 422 2356 novam
440 2321 501 2357 cunr
521 2305 575 2358 suis
595 2304 709 2361 oraculis

80 2381 202 2447 Fugam,
222 2376 431 2446 &insequuntur
441 2379 614 2433 contumelia.

82 2449 148 2516 Quo
165 2449 279 2519 denique
294 2465 383 2503 autern
396 2467 439 2504 res
454 2451 545 2506 redit?
560 2453 633 2505 Aves
647 2451 785 2521 plurima,¹

83 2525 193 2590 Laqueo
207 2538 334 2586 retentae,
351 2523 529 2576 Hirundinem
546 2525 716 2579 verissimam

82 2592 168 2650 Fuiffe
187 2609 293 2656 vatem,
307 2595 406 2663 plane,
426 2597 470 2650 sed
482 2596 561 2661 sero,
578 2597 680 2652 vident.

124 2665 248 2719 Praediaa
261 2667 345 2721 stultis
363 2669 496 2729 calamitas
514 2672 701 2724 tantummodo

84 2739 179 2797 Fidem
195 2736 276 2804 iacit¹
295 2739 341 2794 ubi
355 2739 408 2809 jam
421 2743 571 2817 propulsari
585 2742 688 2815 nequit.
