1984 3659
154 187 284 256 nram
302 201 500 254 mactmus
517 203 719 270 errrws.
765 209 838 288 379

70 306 219 372 Solidam,
238 307 370 362 nitentem
383 325 391 362 t
407 305 517 371 deinde,
535 324 616 377 quem
627 307 674 362 sub
684 308 769 379 pallio

64 381 277 435 ·Absconditum
294 383 422 447 nenebat,
437 380 553 450 lapidem
573 382 731 449 proferens:

73 455 238 519 Extractus,
258 455 366 525 inquit,
383 472 419 511 en
431 454 482 509 tibi
502 471 519 508 e
538 471 617 508 muto
632 456 726 523 lapis,

73 528 159 594 Qui,
177 543 235 582 tota
253 529 339 599 qualis
354 529 391 583 sit
406 532 523 592 domus,
538 528 601 581 saris
618 527 731 587 indicet.

74 601 197 654 Miratus
208 604 314 671 Hospes
333 602 495 674 singularem
509 602 645 656 inscitiam
654 641 668 668 ,

74 674 316 745 insulsitatemqne
329 676 449 731 bominis
461 694 500 742 ,a
516 676 570 729 risu
585 676 695 747 quidem

75 747 140 801 Sibi
152 764 299 820 temperare
311 767 371 804 non
377 751 468 820 potnit
477 768 491 811 t
501 765 527 803 at
537 766 605 803 mox
616 766 711 805 tamen

76 821 198 875 Monuit
208 823 326 895 benigne
338 823 444 877 edificii
459 822 602 889 cujuslibet

76 896 148 948 Non
163 896 284 950 estimari
302 896 394 966 polle.
408 913 458 950 nec
472 897 653 967 elegantiam,

80 969 142 1021 Nec
162 969 342 1034 soliditatem,
362 986 412 1024 nec
427 970 492 1023 alias
508 973 605 1036 dotes,
621 968 674 1024 nisi

55 1095 60 1101 .
78 1040 162 1113 Opus
176 1043 350 1109 universnm,
368 1045 446 1114 quale
463 1043 515 1109 sit,
533 1042 713 1114 perspexeris.

173 1170 747 1231 &aa

180 1292 459 1365 FABULA
507 1290 740 1365 xxvlll.

360 1435 462 1506 Canes
482 1438 562 1506 duo.

85 1541 177 1663 Ex
187 1620 206 1659 o
217 1619 293 1659 nra
307 1607 393 1661 [uerat
408 1604 467 1659 rixa
482 1606 608 1662 terribilis
627 1610 700 1665 duos

84 1682 157 1734 Inter
168 1678 318 1746 Moloffos,
329 1680 449 1752 lanigero
461 1682 538 1735 datos
548 1682 625 1753 gregi>

87 1754 285 1815 eustodiend03
301 1755 485 1824 exarseratque
500 1753 554 1821 iam
568 1756 649 1810 ferox

85 1827 249 1894 Certamen,
267 1843 297 1881 ut
308 1829 424 1882 cruentis
438 1828 494 1882 sese
505 1829 640 1883 morsibus

86 1901 196 1956 Laniare
208 1902 367 1971 inciperent.
388 1900 500 1955 Interim
512 1903 688 1971 supervenit,

88 1975 143 2028 Sibi
161 1977 306 2045 gratulatus
322 1975 452 2043 optimam
470 1975 589 2028 esuriens
607 1977 688 2044 lupus

87 2048 289 2109 Occasionem
305 2049 375 2101 &in
393 2065 502 2119 gregem
520 2047 597 2102 irruit
613 2049 715 2114 simul,

88 2121 252 2193 ovemque,
272 2138 352 2191 quam
364 2122 419 2176 fors
433 2120 532 2176 obtulit
547 2121 678 2190 primam,
697 2122 771 2194 capit
785 2138 795 2176 r

88 2198 157 2249 Aure
172 2194 335 2264 apprehensi
350 2195 484 2250 mordicus
496 2195 609 2247 trahitur
626 2195 718 2249 bidens

90 2268 188 2323 Frustra
200 2268 353 2329 relnilans3
372 2272 482 2324 caudam
498 2269 525 2322 δι
539 2268 679 2335 hostilem,
693 2270 755 2325 vise

89 2342 213 2397 Funeiam
225 2341 344 2411 flagelli,
361 2343 431 2411 sape
446 2343 546 2406 sentit,
563 2360 622 2411 quae
636 2343 740 2415 pigram
827 2357 829 2360 ’

90 2416 234 2485 Properate
250 2429 339 2487 cogat.
360 2416 442 2484 Quod
451 2415 534 2487 igitur
549 2416 636 2470 solum
648 2417 738 2488 potest

90 2489 215 2553 Misella,
233 2504 327 2542 tenero
345 2490 432 2543 balatu
446 2488 578 2544 auxilium
591 2490 668 2560 petit.

90 2566 187 2617 Furore
199 2579 350 2634 quanquam
366 2562 481 2627 fervidi,
501 2563 617 2621 audiunt,
627 2566 732 2623 canent

92 2638 204 2707 Unoque
215 2638 311 2691 eodem
324 2635 409 2689 studio
426 2653 544 2706 pugnam
561 2636 677 2696 finiuntt

13 2771 15 2774 ¹
91 2712 230 2779 Notosque
242 2708 366 2780 protinus
382 2710 415 2762 ad
427 2710 510 2763 sonos
524 2708 623 2776 pariter
637 2712 742 2767 volant.

92 2783 246 2848 Attonitus,
264 2782 352 2835 hostes
369 2797 398 2833 ut
411 2781 606 2849 inexspetlatos
622 2782 715 2846 videt,

92 2857 204 2913 Praedam
217 2860 298 2927 lupus
314 2854 463 2926 relinquit,
481 2857 509 2911 δι
522 2858 636 2911 celerem
652 2857 744 2928 fugam
