1984 3659
175 202 247 273 274
273 179 415 255 ‘Fam
449 185 854 253 AEsor’tAnvnr‘

170 304 203 357 ln
217 320 293 359 tanto
314 307 444 377 agendum
461 305 528 374 quid
542 302 663 374 periculo
677 302 749 355 foret
761 341 773 365 ,

108 438 112 445 ,
174 378 293 444 eujusve
307 379 391 451 porro
406 378 536 433 medicam
548 392 629 446 opem
645 375 786 444 reposcere

172 452 229 505 Sibi
245 452 402 524 expediret:
415 467 568 521 comparem
580 451 686 504 demum
702 462 801 518 rogat,

171 526 289 579 Arceffat
301 526 434 596 aliquam,
449 523 635 591 iodicium,
650 523 827 576 Hirudinem·

173 600 302 654 Mandata
318 600 389 655 redii
406 599 604 654 conficiuntur:
620 614 655 650 en
668 594 738 649 adest

171 672 300 738 Hirudo,
315 675 400 744 qualis
417 672 537 743 expetita
553 671 600 725 est.
623 673 664 723 Ad
677 685 766 723 curem

172 746 298 801 Cuniculi
314 748 360 801 illa
376 747 482 802 fortiter
500 747 555 800 sese
568 744 701 816 applicat,

172 820 287 890 Eiusque
303 821 458 894 sanguinem
468 819 546 874 avida
560 819 626 872 totis
643 818 747 870 viribus

172 895 305 966 Exsugit3
322 908 506 966 aegrorumque
517 893 613 946 morbo
629 893 693 944 dum
710 892 802 955 levat,

175 968 237 1021 Sese
249 968 304 1039 ipsa
315 968 401 1023 reficit
414 985 421 1019 :
437 969 510 1038 quod
520 967 565 1020 ubi
578 963 646 1021 belle
659 964 803 1033 prestitum
815 962 855 1019 en

173 1041 328 1112 Utrinque,
346 1058 453 1112 magnas
471 1042 519 1095 ille
531 1039 627 1111 gratias
637 1037 708 1109 agit.

174 1117 211 1166 Ar
224 1115 386 1185 Sanguisuga
402 1116 551 1169 mercedem
568 1114 645 1166 aliam
660 1108 784 1181 postulat.

172 1186 320 1242 Cuniculus
332 1204 438 1243 autem:
451 1188 528 1242 Nunc
540 1186 611 1241 certd
622 1186 724 1256 ingrata
734 1200 780 1245 es,
796 1184 900 1253 soror,

173 1260 336 1328 Odiosaes,
351 1261 458 1331 inquies
472 1276 544 1325 tace,
565 1263 591 1315 dt
602 1260 664 1321 abi;
683 1259 781 1311 namsi
796 1257 846 1311 tud

172 1333 266 1404 Operi
283 1352 335 1407 ego
350 1339 446 1400 valeo,
463 1335 588 1404 languine
602 1351 664 1386 meo
678 1348 709 1385 ru
722 1334 809 1386 vales.

209 1409 285 1479 Saepe
301 1408 338 1463 est
354 1408 468 1463 benefici
481 1426 582 1463 merces
594 1408 623 1460 in
637 1404 781 1461 beneficio.

259 1533 838 1593 &Q

237 1626 243 1639 ‘
331 1652 775 1729 FABULAVI.

450 1803 536 1894 Lupi
555 1804 631 1871 duo.

169 1909 240 2026 D
249 1984 320 2027 uos
337 1974 489 2043 premebat,
508 1974 534 2025 δι
547 1971 576 2025 in
588 1970 735 2026 bidentium
744 1989 858 2046 gregem

170 2047 285 2101 Scelesta
296 2048 382 2102 rabies
400 2047 504 2101 ventris
519 2048 629 2116 urgebat
643 2046 751 2116 lupos:

168 2121 262 2174 Metus
273 2136 362 2176 autem
373 2120 487 2192 praesens
499 2120 659 2189 reprimebat
667 2120 810 2189 imperinm.

167 2193 268 2246 Vident
281 2196 390 2264 quidem
406 2194 513 2249 imbelle
527 2210 627 2263 μεως
643 2209 670 2245 at
681 2193 781 2262 pariter
797 2192 902 2250 vident

166 2266 201 2317 Er
216 2265 367 2334 opilionem
386 2267 506 2321 validum
526 2269 553 2319 δι
569 2266 700 2337 impigros
715 2284 803 2322 canes.

167 2339 242 2406 Quid
258 2343 360 2410 agant?
378 2340 495 2395 famelici
509 2340 572 2394 hinc
588 2342 711 2394 recedant
722 2341 738 2392 i·
754 2340 872 2405 neniis,

164 2415 231 2465 Non
243 2414 346 2469 tannim
359 2414 535 2473 hominibus,
553 2414 624 2468 addit
638 2413 777 2486 ingenium
791 2415 892 2471 fames.

165 2487 322 2541 Deliberata
341 2505 382 2541 res
401 2488 537 2560 peragitur
554 2489 608 2541 lroc
624 2490 724 2541 modo:

166 2560 241 2615 Dum
258 2563 377 2617 nemoris
395 2579 465 2617 unus
481 2579 530 2632 per
546 2561 597 2616 iter
612 2564 749 2615 occultum
765 2559 842 2632 gregi

165 2634 269 2689 Furtim
282 2635 497 2707 appropinquat,
517 2635 564 2700 δι,
582 2635 628 2689 ubi
642 2635 776 2705 processit
788 2634 872 2700 satis,

165 2707 261 2776 Opaca
277 2710 336 2779 post
357 2713 462 2764 dumeta
475 2709 505 2762 in
522 2707 628 2762 insidiis
640 2709 736 2769 cubars

164 2779 189 2830 lt
203 2783 269 2835 alter
283 2785 388 2845 audax,
405 2782 476 2838 redii
495 2797 656 2852 procurrens
672 2782 738 2846 vid,

162 2850 320 2926 Lanigeram
334 2870 429 2914 contra
446 2872 573 2930 gentem:
589 2872 671 2927 quem
688 2871 767 2911 canes
782 2851 867 2913 simul
