1984 3659
152 187 711 286 Llaannacmrusournwn
764 219 834 295 329

79 317 179 375 Fervet
191 321 230 385 ibi
241 338 338 390 nempe
355 320 479 389 pertinax
493 320 580 375 fludio
597 324 692 377 labor:
789 380 793 386 ,
819 362 820 367 1

80 391 123 445 lbi
138 395 218 447 mella
233 395 312 448 vobis
325 394 417 447 dulcia
433 409 560 464 generant
578 411 654 462 apes.

80 466 134 518 His
155 466 288 520 emendati
306 467 418 520 monitis
436 467 567 538 Agricolae
579 467 657 520 suurn

79 539 209 592 Fateatur
227 558 362 605 errorem,
381 540 571 611 AEsculumque
589 557 646 593 non
659 539 742 595 modb

79 610 209 665 Evertere
224 617 334 676 nolunt3
347 628 388 679 at,
405 632 439 667 ne
450 614 512 684 quis
525 616 651 667 damnum
662 612 778 680 inierat,

81 684 205 754 Vigilate
222 685 355 750 statuunt,
374 686 545 741 utilissimam
562 686 614 740 sibi

79 758 152 815 fore
167 758 321 814 arbitrantes
336 762 362 813 δι
378 760 433 827 suis
450 761 605 830 nepotibus.

173 882 742 947 &we-*ga

199 995 556 1093 *FA-BULA'
593 1004 683 1076 IX.

266 1150 365 1219 Malis
376 1149 483 1240 fetida
501 1145 534 1221 b
548 1151 659 1224 Canis.

86 1259 186 1376 Du
206 1318 324 1376 Melibus
338 1319 412 1384 istis,
433 1338 494 1392 quae
511 1333 643 1375 vocantur
657 1321 764 1390 fetidae‚‘

86 1396 176 1448 Unam
191 1395 337 1457 extiterat,
355 1397 381 1448 ἃ
394 1394 581 1465 insequebatur
593 1395 693 1461 Canis:

86 1468 146 1524 Janr
156 1469 266 1537 propibs
278 1480 353 1538 urget
366 1487 375 1529 ·‚
392 1469 499 1538 jamque
509 1470 691 1538 comprensam
701 1483 796 1539 putata

88 1543 368 1611 Comprenderetque,
383 1543 531 1595 maximum
549 1541 577 1593 ni
593 1542 747 1614 intelligens

88 1613 238 1669 Periculum
250 1615 296 1668 illa
308 1650 324 1680 ‚.
336 1618 368 1668 ad
379 1615 499 1669 ultimam
511 1631 656 1669 recurreret
668 1653 677 1681 ,

88 1687 140 1740 Sed
156 1689 284 1741 efficacem
297 1689 479 1752 „vindicandi
491 1689 520 1741 se
535 1688 618 1744 viam.

87 1759 242 1815 Visceribus
256 1778 321 1832 ergo
339 1762 467 1833 quidquid
483 1761 587 1815 intimis
600 1764 677 1817 fovet

87 1832 232 1888 Teterrimi
248 1835 361 1900 fetoris,
382 1837 452 1889 imos
471 1837 505 1888 ad
519 1836 593 1889 sinus
644 1852 646 1855 ’

87 1906 203 1972 Trudit‚
222 1909 248 1960 δι
262 1907 291 1960 in
307 1924 390 1963 unum
405 1907 499 1977 cogit,
515 1910 542 1959 δι
552 1923 672 1977 apertum
683 1906 766 1963 Canis

87 1979 121 2034 ln
138 1997 169 2033 os
184 1979 329 2050 propellit:
347 1981 393 2049 qni
408 1980 488 2033 simul
500 1982 689 2035 exsecrabilem

89 2053 178 2125 Sensit
196 2052 355 2121 mephitim,
372 2053 449 2106 restat
467 2052 497 2104 in
510 2052 625 2123 vestigio

4 2147 5 2150 ¹
87 2125 203 2180 Defixus
218 2165 225 2189 ,
243 2127 270 2183 δι
285 2124 398 2178 reflettit
411 2125 555 2178 attonitum
567 2139 664 2195 caput,

88 2199 259 2268 Praedamque
276 2198 374 2267 refugit
384 2200 552 2253 obscaenam:
568 2213 647 2269 atque
658 2200 685 2253 se
695 2196 803 2256 interim

89 2272 191 2328 Intabla
203 2270 285 2325 Melis
295 2270 324 2324 in
338 2271 475 2325 latibulum
490 2272 615 2343 proripit.

127 2347 221 2399 Fabula
232 2345 390 2415 quibusdam
405 2344 564 2400 latioribus
579 2344 741 2416 scriptuli,
756 2347 803 2416 spi

89 2418 147 2491 Qui
167 2418 288 2476 foeditate
303 2418 419 2474 criticos
437 2435 533 2475 omnes
548 2420 682 2481 territant.
