1984 3659
175 193 244 269 268
305 197 420 264 Fra.
447 188 845 264 AEsouranvm‘

170 321 238 384 liic,
257 317 339 373 nimis
348 330 426 372 acuta
437 315 538 387 frigora
554 315 684 384 quoniam
700 330 796 370 vetant

168 393 318 458 Dormire,
335 392 425 446 secum
435 390 551 459 disputat
566 408 574 444 t
588 389 704 443 Parvum
716 391 767 443 ribi

171 468 267 521 Cubile
277 466 424 529 fabricare,
441 466 505 517 dum
519 461 681 516 clementior

171 542 280 595 Sinebat
295 557 399 603 annus,
411 540 475 591 dum
486 535 606 602 jacebant
618 552 667 606 per
677 534 737 589 vias

170 615 298 686 Virgulta
315 612 398 676 caesa,
419 627 521 680 perque
537 625 616 679 agros
634 608 736 677 stipula
746 612 847 679 leves,

170 690 312 757 Quantum
329 686 426 740 laboris
443 683 471 735 id
485 697 561 746 erat,
580 697 627 735 aut
641 682 796 737 industrie?

172 765 252 816 Nunc
265 763 350 815 facere
364 759 392 812 id
405 757 493 827 ipffim
508 755 570 809 etim
584 770 614 808 tu
626 757 712 809 velles
724 757 864 823 maxim'e,

172 839 230 891 Nec
241 834 290 890 tibi
301 832 432 896 materie,
449 847 498 884 uec
514 829 564 883 tibi
579 828 652 882 vires
667 829 821 898 suppetunt.

171 911 262 966 Perfer
272 924 379 972 tamen,
399 906 426 960 δι
437 905 537 959 obdura
547 921 556 958 t
570 919 598 955 at
606 903 674 956 hanc
684 903 765 956 simul
776 905 856 959 Deus

173 984 355 1040 Occasionem
367 978 505 1042 retulerit,
519 993 598 1047 quant
615 993 685 1029 nunc
703 976 777 1048 piget

171 1054 388 1117 Praetermisiffe,
403 1062 438 1105 n'e
455 1050 618 1121 relinquatur
637 1052 713 1103 locus

173 1134 273 1187 lterum
287 1125 415 1200 pigeudi,
435 1123 656 1195 providebimusr
671 1137 755 1177 ratum
771 1123 821 1179 est.

173 1205 281 1274 Quibus
299 1203 337 1256 ita
356 1196 522 1263 constitutis,
538 1199 643 1250 tandem
655 1197 818 1251 obdormiit:

173 1281 227 1336 Sed
241 1276 350 1349 frigoris
361 1273 393 1337 vi
407 1271 503 1343 sapi-us
518 1270 719 1342 expergiscitur.

173 1353 317 1425 Exsurgit:
332 1358 403 1405 artus
415 1344 514 1401 debiles
531 1343 630 1413 quassat
646 1360 768 1407 tremor,

175 1430 260 1482 Crura
269 1423 451 1495 obrigescunte
463 1419 596 1472 ambtdare
604 1416 655 1471 vix
666 1416 747 1483 licet,

176 1505 209 1557 Et
225 1514 360 1570 quaerere,
378 1511 433 1565 quo
444 1494 559 1563 depellat
569 1491 740 1545 immodicum
750 1491 863 1547 famem.

176 1577 223 1631 Sic
238 1573 341 1627 vivitur
354 1608 362 1633 ,
377 1567 628 1635 biemsusqueduns
636 1562 778 1620 recesserit.

176 1647 300 1703 Recessit
315 1665 322 1698 ι
339 1641 410 1696 arvis
423 1639 550 1695 floridum
563 1655 613 1692 ver
627 1638 755 1707 imperat:

177 1719 299 1776 Succedit
310 1716 382 1775 restas
394 1735 402 1775 3
420 1713 526 1783 iamque
538 1712 614 1766 dives
625 1711 749 1765 imminet

178 1800 330 1850 Autumnus
342 1809 350 1842 a
367 1799 397 1842 ut
411 1790 494 1841 adhuc
506 1786 592 1857 igneis
604 1785 748 1856 vaporibus

178 1873 283 1926 Humus
302 1863 439 1922 aestuabat,
459 1861 506 1915 ille
522 1860 552 1912 in
564 1860 656 1914 umbra
673 1859 774 1911 scilicet

177 1939 330 2000 Decubuit;
342 1955 379 1991 ac·
387 1939 450 1991 dunt
466 1935 587 1999 anhelat,
603 1933 740 1986 &collum
751 1930 871 1999 &pedes

178 2017 270 2086 Quim
289 2010 407 2070 maxime
425 2006 579 2080 protendit,
594 2008 763 2078 &languens
780 2002 871 2071 iacet,

177 2090 283 2145 cubilis
297 2085 376 2151 buius
391 2082 462 2139 sorte
481 2079 620 2145 meminit»,
636 2082 709 2149 quod
727 2078 780 2133 sibi

179 2168 312 2218 Statuerat
326 2159 395 2214 olim
409 2155 554 2213 fabricate:
573 2157 610 2207 At
621 2154 678 2206 herc
694 2152 750 2206 mei

178 2240 311 2299 Videtur,
323 2231 426 2302 inquit,
441 2247 537 2302 magna
549 2227 652 2298 species
664 2224 786 2296 corporis
801 2229 808 2279 l
876 2288 879 2295 Ι

179 2315 246 2368 Nota
253 2304 362 2363 hercule
376 2304 414 2358 itu
424 2304 482 2357 suus
493 2319 608 2374 parvus,
624 2315 656 2355 ut
672 2314 846 2370 putaveramr
948 2346 952 2351 .

72 2405 73 2409 ¹
180 2391 282 2456 Aprum
297 2394 386 2434 autent
402 2378 538 2447 quodnam
553 2375 621 2429 mihi
632 2373 720 2427 cubile
731 2372 898 2434 construant,¹

180 2460 326 2530 Quodnam
334 2450 492 2514 aedificium,
509 2465 541 2504 ut
547 2463 638 2502 tantus
645 2446 763 2501 habitem
773 2441 933 2501 commode?

181 2537 269 2604 Atque
281 2533 331 2584 hos
344 2525 478 2596 petasius
489 2539 566 2594 agere
579 2522 643 2591 quid
655 2520 761 2591 poffum
771 2518 873 2573 miser?

181 2606 337 2662 Consilium
347 2601 425 2654 inane
440 2597 586 2666 vitupero:
606 2595 679 2648 vires
689 2610 780 2659 meas,

181 2678 389 2745 Industriantque
402 2671 463 2726 talis
476 2671 617 2739 exsuperat
629 2668 714 2721 labor.

220 2755 284 2806 Mos
294 2750 338 2803 hic
347 2747 485 2818 pigrorum
493 2743 549 2801 est,
561 2757 590 2795 ut
596 2744 681 2807 bona,
693 2740 788 2813 quibus
798 2737 934 2809 indigent,
952 2784 954 2788 .

182 2828 279 2881 Nolim
288 2837 379 2895 perure
389 2859 397 2888 ,
408 2819 454 2875 ubi
467 2831 587 2890 queunte
601 2814 648 2871 ubi
657 2828 808 2887 nequeunt,
820 2811 918 2872 velint,
