1984 3659
28 220 31 225 “
144 220 216 297 '160
273 226 385 293 Fra.
416 205 789 297 AEaorranure‘

135 341 319 399 Bellariotutn
333 340 411 397 omni
428 338 554 397 refertum
568 339 658 409 copid.

180 417 207 469 0
218 417 338 485 Jupiter,
350 417 403 480 ait,
415 415 575 486 hospitalis,
591 417 665 483 quod
676 416 787 469 bonum

142 489 214 542 Mihi
227 490 305 543 venir
322 491 424 554 hodie,
440 503 597 559 perpetuum
610 487 692 541 ficiat
705 489 837 558 precor!

143 561 282 632 Simulque
292 566 412 627 dulcem,
427 563 595 625 saccharum,
613 562 710 630 dapem
725 562 809 633 eligit
817 579 834 621 ς.

143 637 344 706 comeditque,
366 635 461 689 sinon
476 634 590 687 aviditas
606 649 736 703 quantum
747 634 855 700 jubet,

143 708 180 761 At
194 724 276 778 parva
292 724 419 780 quantum
437 707 576 761 continere
594 709 670 761 alvus
685 707 786 776 potest.

143 781 265 853 Opipare
280 782 373 853 pransa
389 797 532 850 pauperem
547 782 580 834 ad
595 783 690 834 cellam
702 781 794 842 rediet

143 853 293 926 Limenque
310 856 360 925 viar
375 855 484 926 ingressa
504 870 611 907 narrare
619 853 719 922 incipit

143 928 265 983 Omnem
278 927 410 983 munifico
429 926 516 982 sortis
533 928 648 980 oblatam
663 926 717 980 sibi

144 1001 358 1073 Benignitatem
376 1003 403 1055 ἃ
417 1000 495 1066 hujus
514 1000 543 1051 in
560 1015 661 1069 partem
675 999 742 1052 boni

144 1074 247 1129 Invitat
262 1080 333 1129 ultro
350 1074 465 1137 sociam,
481 1074 650 1127 &admovet
665 1089 763 1141 preces

146 1147 266 1200 Sollicita
285 1149 399 1201 blandas.
416 1146 463 1199 Illa
479 1145 548 1199 vero
569 1146 692 1214 pertinax

143 1218 301 1289 Repugnat:
317 1219 438 1288 Cumque
450 1235 522 1271 nunc
536 1219 599 1272 satis
610 1221 676 1275 bene
688 1217 726 1272 sit
738 1215 829 1286 nihl,

143 1290 327 1348 Periculosum
338 1291 426 1358 judico
438 1330 447 1357 ,
464 1290 568 1361 inquit,
583 1309 602 1345 o
613 1293 711 1356 soror,

145 1364 241 1419 Studio
256 1366 282 1419 de
294 1368 404 1430 labore,
423 1364 520 1420 melius
536 1380 567 1418 ut
582 1364 635 1429 sit,
649 1363 768 1419 distem.

183 1439 235 1493 Sed
250 1442 331 1493 altera
344 1441 383 1494 nil
396 1438 464 1508 jam,
479 1437 532 1491 nisi
547 1437 690 1509 degustatae
702 1439 789 1492 semel

144 1511 282 1577 Delicias,
296 1514 423 1582 cupiens,
443 1511 603 1566 ordinariam
617 1509 679 1565 terit

145 1583 237 1638 Escam
252 1586 366 1654 superbo
383 1587 477 1649 dente»,
494 1585 521 1637 δι
535 1584 565 1637 in
577 1601 673 1656 egram
686 1583 820 1638 nauseant

145 1656 274 1711 Demittit
286 1661 395 1719 alvum
415 1659 442 1711 dt
462 1657 546 1728 quim
557 1658 622 1711 licet
638 1657 787 1727 saepissime

145 1728 253 1783 Revisit
267 1732 412 1795 horreum,
427 1730 510 1786 unice
523 1733 596 1800 quod
610 1731 664 1797 jam
679 1732 779 1799 placet.

143 1801 337 1872 Intemperanti
347 1806 411 1859 dum
426 1805 465 1857 sie
481 1803 717 1875 obsequiturgulae
734 1842 743 1868 ,

145 1875 180 1928 Se
192 1875 278 1929 facero
289 1877 373 1931 credit
385 1876 464 1931 stulta
477 1879 592 1930 multum
606 1876 747 1945 corporis:

144 1948 182 2001 Ar
198 1948 298 2003 vilibtu
315 1951 383 2005 olim
399 1966 496 2013 venter
511 1949 624 2006 affuetus
642 1948 730 2013 cibis,

145 2019 301 2077 Offenditur
315 2021 370 2078 iliis
388 2023 602 2089 delicatioribus,

144 2095 271 2161 Quorum
283 2098 345 2152 usus
358 2097 440 2152 etiarn
454 2098 555 2169 largior
565 2100 690 2151 damnum
702 2108 842 2166 aggravat.

143 2168 263 2221 Demum
278 2170 324 2223 illa
342 2171 427 2225 vitam
441 2173 504 2224 dum
517 2170 567 2223 sibi
584 2173 645 2223 'vult
661 2171 770 2223 reddere

143 2239 350 2306 Jucundiotem,
365 2243 451 2296 multd
461 2244 614 2297 breviorem
631 2243 733 2296 efficite
800 2250 801 2253 ’
867 2252 879 2264 ‘

144 2311 304 2383 miseraque
317 2314 397 2369 funus
412 2315 530 2370 bestiola
545 2320 617 2370 curat
634 2316 730 2380 soror,

143 2384 242 2438 Moesta
256 2385 383 2454 quidem,
402 2388 468 2441 sano
477 2389 523 2443 sed
539 2390 635 2461 vigent
646 2388 819 2458 corpusculo.

177 2458 335 2513 Admonitus
351 2462 404 2514 hoc
416 2465 561 2532 exemplo,
576 2479 671 2533 magna
694 2462 815 2517 divitum

143 2529 325 2590 Contemnere
335 2549 435 2606 pauper
448 2535 528 2591 facile
539 2536 643 2609 polium
653 2535 776 2608 prandia.

491 2705 551 2819 ἐξ(

490 2814 494 2821 .
530 2777 550 2821 Ε
