<?xml version="1.0" encoding="UTF-8"?>
<!DOCTYPE html PUBLIC "-//W3C//DTD XHTML 1.0 Transitional//EN"
    "http://www.w3.org/TR/xhtml1/DTD/xhtml1-transitional.dtd">
<html xmlns="http://www.w3.org/1999/xhtml" xml:lang="en" lang="en">
 <head>
  <title>
</title>
<meta http-equiv="Content-Type" content="text/html;charset=utf-8" />
  <meta name='ocr-system' content='tesseract 3.04.00' />
  <meta name='ocr-capabilities' content='ocr_page ocr_carea ocr_par ocr_line ocrx_word'/>
</head>
<body>
  <div class='ocr_page' id='page_1' title='image "./franciscijoseph00desbgoog_0363.png"; bbox 0 0 1984 3659; ppageno 0'>
   <div class='ocr_carea' id='block_1_1' title="bbox 170 231 856 337">
    <p class='ocr_par' dir='ltr' id='par_1_1' title="bbox 170 231 856 337">
     <span class='ocr_line' id='line_1_1' title="bbox 170 231 856 337; baseline 0.009 -36"><span class='ocrx_word' id='word_1_1' title='bbox 170 231 730 324; x_wconf 68' lang='lat' dir='ltr'>Lrainnrcruosoornwr</span> <span class='ocrx_word' id='word_1_2' title='bbox 785 256 856 337; x_wconf 84' lang='lat'>327</span> 
     </span>
    </p>
   </div>
   <div class='ocr_carea' id='block_1_2' title="bbox 99 344 813 720">
    <p class='ocr_par' dir='ltr' id='par_1_2' title="bbox 99 344 813 720">
     <span class='ocr_line' id='line_1_2' title="bbox 99 344 768 428; baseline 0.007 -21"><span class='ocrx_word' id='word_1_3' title='bbox 99 353 156 421; x_wconf 84' lang='lat' dir='ltr'>Qui</span> <span class='ocrx_word' id='word_1_4' title='bbox 173 373 230 410; x_wconf 89' lang='lat' dir='ltr'>non</span> <span class='ocrx_word' id='word_1_5' title='bbox 249 359 389 428; x_wconf 80' lang='lat' dir='ltr'>pepercit,</span> <span class='ocrx_word' id='word_1_6' title='bbox 408 360 505 423; x_wconf 84' lang='lat' dir='ltr'>nobis,</span> <span class='ocrx_word' id='word_1_7' title='bbox 523 358 570 428; x_wconf 91' lang='lat' dir='ltr'>qui</span> <span class='ocrx_word' id='word_1_8' title='bbox 584 356 664 426; x_wconf 87' lang='lat' dir='ltr'>pretii</span> <span class='ocrx_word' id='word_1_9' title='bbox 674 344 768 412; x_wconf 80' lang='lat' dir='ltr'>sumus</span> 
     </span>
     <span class='ocr_line' id='line_1_3' title="bbox 100 427 660 502; baseline 0.011 -23"><span class='ocrx_word' id='word_1_10' title='bbox 100 427 193 483; x_wconf 77' lang='lat' dir='ltr'>Multo</span> <span class='ocrx_word' id='word_1_11' title='bbox 209 432 347 495; x_wconf 83' lang='lat' dir='ltr'>minoris,</span> <span class='ocrx_word' id='word_1_12' title='bbox 365 448 456 502; x_wconf 81' lang='lat' dir='ltr'>parcet</span> <span class='ocrx_word' id='word_1_13' title='bbox 472 433 519 488; x_wconf 88' lang='lat' dir='ltr'>ille</span> <span class='ocrx_word' id='word_1_14' title='bbox 539 431 660 485; x_wconf 82' lang='lat' dir='ltr'>scilicet?</span> 
     </span>
     <span class='ocr_line' id='line_1_4' title="bbox 99 499 813 575; baseline 0.01 -24"><span class='ocrx_word' id='word_1_15' title='bbox 99 499 297 571; x_wconf 86' lang='lat' dir='ltr'>Properemus,</span> <span class='ocrx_word' id='word_1_16' title='bbox 313 506 432 560; x_wconf 82' lang='lat' dir='ltr'>hominis</span> <span class='ocrx_word' id='word_1_17' title='bbox 449 506 544 575; x_wconf 83' lang='lat' dir='ltr'>procul</span> <span class='ocrx_word' id='word_1_18' title='bbox 560 503 697 557; x_wconf 78' lang='lat' dir='ltr'>inhumani</span> <span class='ocrx_word' id='word_1_19' title='bbox 711 505 813 572; x_wconf 83' lang='lat' dir='ltr'>domo,</span> 
     </span>
     <span class='ocr_line' id='line_1_5' title="bbox 100 573 751 645; baseline 0.006 -20"><span class='ocrx_word' id='word_1_20' title='bbox 100 573 260 639; x_wconf 73' lang='lat' dir='ltr'>Quanamus</span> <span class='ocrx_word' id='word_1_21' title='bbox 277 593 371 634; x_wconf 86' lang='lat' dir='ltr'>antra·</span> <span class='ocrx_word' id='word_1_22' title='bbox 386 579 471 633; x_wconf 85' lang='lat' dir='ltr'>vitam</span> <span class='ocrx_word' id='word_1_23' title='bbox 490 578 521 631; x_wconf 90' lang='lat' dir='ltr'>in</span> <span class='ocrx_word' id='word_1_24' title='bbox 535 577 614 631; x_wconf 83' lang='lat' dir='ltr'>silvis</span> <span class='ocrx_word' id='word_1_25' title='bbox 632 577 751 645; x_wconf 83' lang='lat' dir='ltr'>asperam</span> 
     </span>
     <span class='ocr_line' id='line_1_6' title="bbox 99 645 676 720; baseline 0.007 -21"><span class='ocrx_word' id='word_1_26' title='bbox 99 645 229 703; x_wconf 84' lang='lat' dir='ltr'>Tolerare</span> <span class='ocrx_word' id='word_1_27' title='bbox 244 651 373 720; x_wconf 80' lang='lat' dir='ltr'>praellat</span> <span class='ocrx_word' id='word_1_28' title='bbox 365 668 437 707; x_wconf 81' lang='lat' dir='ltr'>inter</span> <span class='ocrx_word' id='word_1_29' title='bbox 449 652 582 707; x_wconf 84' lang='lat' dir='ltr'>immanes</span> <span class='ocrx_word' id='word_1_30' title='bbox 597 649 676 704; x_wconf 85' lang='lat' dir='ltr'>ieras</span> 
     </span>
    </p>
   </div>
   <div class='ocr_carea' id='block_1_3' title="bbox 187 776 763 835">
    <p class='ocr_par' dir='ltr' id='par_1_3' title="bbox 187 776 763 835">
     <span class='ocr_line' id='line_1_7' title="bbox 187 776 763 835; baseline 0 -2"><span class='ocrx_word' id='word_1_31' title='bbox 187 776 763 835; x_wconf 53' lang='lat' dir='ltr'>n==wffi====t</span> 
     </span>
    </p>
   </div>
   <div class='ocr_carea' id='block_1_4' title="bbox 258 914 698 1151">
    <p class='ocr_par' dir='ltr' id='par_1_4' title="bbox 258 914 698 1151">
     <span class='ocr_line' id='line_1_8' title="bbox 258 914 698 988; baseline 0.005 -3"><span class='ocrx_word' id='word_1_32' title='bbox 258 914 563 988; x_wconf 77' lang='lat' dir='ltr'>FABULA</span> <span class='ocrx_word' id='word_1_33' title='bbox 611 915 698 987; x_wconf 86' lang='lat' dir='ltr'>Vl.</span> 
     </span>
     <span class='ocr_line' id='line_1_9' title="bbox 384 1057 566 1151; baseline 0.006 -23"><span class='ocrx_word' id='word_1_34' title='bbox 384 1057 566 1151; x_wconf 80' lang='lat' dir='ltr'>Equiduo</span> 
     </span>
    </p>
   </div>
   <div class='ocr_carea' id='block_1_5' title="bbox 51 1162 861 2472">
    <p class='ocr_par' dir='ltr' id='par_1_5' title="bbox 51 1162 861 1369">
     <span class='ocr_line' id='line_1_10' title="bbox 101 1162 861 1360; baseline 0.008 -77"><span class='ocrx_word' id='word_1_35' title='bbox 101 1162 338 1283; x_wconf 69' lang='lat' dir='ltr'>Hanania</span> <span class='ocrx_word' id='word_1_36' title='bbox 354 1227 451 1300; x_wconf 85' lang='lat' dir='ltr'>aliquis</span> <span class='ocrx_word' id='word_1_37' title='bbox 469 1227 610 1300; x_wconf 81' lang='lat' dir='ltr'>praeditum</span> <span class='ocrx_word' id='word_1_38' title='bbox 629 1230 745 1305; x_wconf 82' lang='lat' dir='ltr'>egregiis</span> <span class='ocrx_word' id='word_1_39' title='bbox 756 1233 861 1360; x_wconf 81' lang='lat' dir='ltr'>Equum</span> 
     </span>
     <span class='ocr_line' id='line_1_11' title="bbox 51 1300 598 1369; baseline 0.004 -15"><span class='ocrx_word' id='word_1_40' title='bbox 51 1338 53 1343; x_wconf 89' lang='lat'><em>-</em></span> <span class='ocrx_word' id='word_1_41' title='bbox 102 1301 240 1363; x_wconf 86' lang='lat' dir='ltr'>Dotibus·‚</span> <span class='ocrx_word' id='word_1_42' title='bbox 257 1317 284 1355; x_wconf 90' lang='lat' dir='ltr'>at</span> <span class='ocrx_word' id='word_1_43' title='bbox 302 1300 359 1369; x_wconf 87' lang='lat' dir='ltr'>ejus</span> <span class='ocrx_word' id='word_1_44' title='bbox 375 1303 505 1355; x_wconf 88' lang='lat' dir='ltr'>utilitates</span> <span class='ocrx_word' id='word_1_45' title='bbox 521 1316 598 1356; x_wconf 83' lang='lat' dir='ltr'>antea</span> 
     </span>
    </p>

    <p class='ocr_par' dir='ltr' id='par_1_6' title="bbox 103 1373 720 1591">
     <span class='ocr_line' id='line_1_12' title="bbox 103 1373 720 1446; baseline 0.005 -19"><span class='ocrx_word' id='word_1_46' title='bbox 103 1373 224 1445; x_wconf 82' lang='lat' dir='ltr'>Persaepe</span> <span class='ocrx_word' id='word_1_47' title='bbox 239 1392 389 1445; x_wconf 86' lang='lat' dir='ltr'>quanquam</span> <span class='ocrx_word' id='word_1_48' title='bbox 406 1375 537 1428; x_wconf 82' lang='lat' dir='ltr'>maximas</span> <span class='ocrx_word' id='word_1_49' title='bbox 552 1391 720 1446; x_wconf 82' lang='lat' dir='ltr'>agnoverat,</span> 
     </span>
     <span class='ocr_line' id='line_1_13' title="bbox 104 1447 684 1519; baseline 0.009 -19"><span class='ocrx_word' id='word_1_50' title='bbox 104 1447 343 1519; x_wconf 87' lang='lat' dir='ltr'>Laudaveratque;</span> <span class='ocrx_word' id='word_1_51' title='bbox 370 1448 450 1503; x_wconf 81' lang='lat' dir='ltr'>taedio</span> <span class='ocrx_word' id='word_1_52' title='bbox 467 1447 577 1502; x_wconf 72' lang='lat' dir='ltr'>affedius</span> <span class='ocrx_word' id='word_1_53' title='bbox 593 1464 684 1504; x_wconf 87' lang='lat' dir='ltr'>tamen</span> 
     </span>
     <span class='ocr_line' id='line_1_14' title="bbox 103 1520 604 1591; baseline 0.002 -17"><span class='ocrx_word' id='word_1_54' title='bbox 103 1520 260 1588; x_wconf 76' lang='lat' dir='ltr'>Iniurioso‚</span> <span class='ocrx_word' id='word_1_55' title='bbox 279 1522 363 1591; x_wconf 89' lang='lat' dir='ltr'>coepit</span> <span class='ocrx_word' id='word_1_56' title='bbox 379 1522 465 1591; x_wconf 88' lang='lat' dir='ltr'>ipsum</span> <span class='ocrx_word' id='word_1_57' title='bbox 479 1521 604 1591; x_wconf 88' lang='lat' dir='ltr'>protinus</span> 
     </span>
    </p>

    <p class='ocr_par' dir='ltr' id='par_1_7' title="bbox 104 1594 780 1667">
     <span class='ocr_line' id='line_1_15' title="bbox 104 1594 780 1667; baseline 0.013 -21"><span class='ocrx_word' id='word_1_58' title='bbox 104 1595 266 1666; x_wconf 85' lang='lat' dir='ltr'>Negligere‚</span> <span class='ocrx_word' id='word_1_59' title='bbox 285 1612 353 1651; x_wconf 86' lang='lat' dir='ltr'>mox</span> <span class='ocrx_word' id='word_1_60' title='bbox 368 1594 470 1650; x_wconf 84' lang='lat' dir='ltr'>odiffe·</span> <span class='ocrx_word' id='word_1_61' title='bbox 462 1596 604 1665; x_wconf 87' lang='lat' dir='ltr'>·denique</span> <span class='ocrx_word' id='word_1_62' title='bbox 620 1613 677 1651; x_wconf 90' lang='lat' dir='ltr'>non</span> <span class='ocrx_word' id='word_1_63' title='bbox 693 1597 780 1667; x_wconf 71' lang='lat' dir='ltr'>potest</span> 
     </span>
    </p>

    <p class='ocr_par' dir='ltr' id='par_1_8' title="bbox 104 1667 805 1756">
     <span class='ocr_line' id='line_1_16' title="bbox 104 1667 805 1756; baseline 0.004 -34"><span class='ocrx_word' id='word_1_64' title='bbox 104 1667 162 1722; x_wconf 79' lang='lat' dir='ltr'>Sibi</span> <span class='ocrx_word' id='word_1_65' title='bbox 177 1684 339 1738; x_wconf 86' lang='lat' dir='ltr'>temperare,</span> <span class='ocrx_word' id='word_1_66' title='bbox 364 1669 510 1756; x_wconf 82' lang='lat' dir='ltr'>quominus</span> <span class='ocrx_word' id='word_1_67' title='bbox 522 1670 605 1723; x_wconf 87' lang='lat' dir='ltr'>alium</span> <span class='ocrx_word' id='word_1_68' title='bbox 620 1687 706 1739; x_wconf 89' lang='lat' dir='ltr'>paret.</span> <span class='ocrx_word' id='word_1_69' title='bbox 800 1732 805 1737; x_wconf 48' lang='grc'><strong>,</strong></span> 
     </span>
    </p>

    <p class='ocr_par' dir='ltr' id='par_1_9' title="bbox 103 1740 714 1888">
     <span class='ocr_line' id='line_1_17' title="bbox 104 1740 714 1814; baseline 0.01 -21"><span class='ocrx_word' id='word_1_70' title='bbox 104 1740 132 1794; x_wconf 81' lang='grc' dir='ltr'>Ιι</span> <span class='ocrx_word' id='word_1_71' title='bbox 143 1757 248 1808; x_wconf 87' lang='lat' dir='ltr'>autem,</span> <span class='ocrx_word' id='word_1_72' title='bbox 265 1745 296 1797; x_wconf 89' lang='lat' dir='ltr'>ab</span> <span class='ocrx_word' id='word_1_73' title='bbox 310 1745 387 1796; x_wconf 88' lang='lat' dir='ltr'>omni</span> <span class='ocrx_word' id='word_1_74' title='bbox 401 1758 476 1814; x_wconf 86' lang='lat' dir='ltr'>parte</span> <span class='ocrx_word' id='word_1_75' title='bbox 492 1742 610 1796; x_wconf 88' lang='lat' dir='ltr'>deterior</span> <span class='ocrx_word' id='word_1_76' title='bbox 629 1743 714 1814; x_wconf 68' lang='lat' dir='ltr'>licit,</span> 
     </span>
     <span class='ocr_line' id='line_1_18' title="bbox 103 1814 634 1888; baseline 0.008 -21"><span class='ocrx_word' id='word_1_77' title='bbox 103 1814 274 1869; x_wconf 82' lang='lat' dir='ltr'>Existimatur</span> <span class='ocrx_word' id='word_1_78' title='bbox 289 1815 371 1888; x_wconf 72' lang='lat' dir='ltr'>longe</span> <span class='ocrx_word' id='word_1_79' title='bbox 387 1817 498 1887; x_wconf 87' lang='lat' dir='ltr'>potior,</span> <span class='ocrx_word' id='word_1_80' title='bbox 515 1818 541 1870; x_wconf 79' lang='grc' dir='ltr'>δι</span> <span class='ocrx_word' id='word_1_81' title='bbox 555 1816 634 1872; x_wconf 63' lang='lat' dir='ltr'>unici</span> 
     </span>
    </p>

    <p class='ocr_par' dir='ltr' id='par_1_10' title="bbox 103 1888 645 1958">
     <span class='ocr_line' id='line_1_19' title="bbox 103 1888 645 1958; baseline 0.006 -17"><span class='ocrx_word' id='word_1_82' title='bbox 103 1888 234 1950; x_wconf 68' lang='lat' dir='ltr'>Amaturs</span> <span class='ocrx_word' id='word_1_83' title='bbox 256 1903 336 1958; x_wconf 88' lang='lat' dir='ltr'>atque</span> <span class='ocrx_word' id='word_1_84' title='bbox 352 1890 443 1943; x_wconf 87' lang='lat' dir='ltr'>herilis</span> <span class='ocrx_word' id='word_1_85' title='bbox 460 1889 645 1944; x_wconf 74' lang='lat' dir='ltr'>beneficentia</span> 
     </span>
    </p>

    <p class='ocr_par' dir='ltr' id='par_1_11' title="bbox 105 1959 700 2032">
     <span class='ocr_line' id='line_1_20' title="bbox 105 1959 700 2032; baseline 0.007 -18"><span class='ocrx_word' id='word_1_86' title='bbox 105 1959 225 2014; x_wconf 83' lang='lat' dir='ltr'>Omnem</span> <span class='ocrx_word' id='word_1_87' title='bbox 242 1961 299 2015; x_wconf 70' lang='lat' dir='ltr'>ferd</span> <span class='ocrx_word' id='word_1_88' title='bbox 316 1978 385 2015; x_wconf 85' lang='lat' dir='ltr'>unus</span> <span class='ocrx_word' id='word_1_89' title='bbox 398 1962 549 2032; x_wconf 88' lang='lat' dir='ltr'>largitatem</span> <span class='ocrx_word' id='word_1_90' title='bbox 566 1963 700 2032; x_wconf 73' lang='lat' dir='ltr'>percipite</span> 
     </span>
    </p>

    <p class='ocr_par' dir='ltr' id='par_1_12' title="bbox 104 2034 790 2326">
     <span class='ocr_line' id='line_1_21' title="bbox 104 2034 706 2103; baseline 0 -15"><span class='ocrx_word' id='word_1_91' title='bbox 104 2034 188 2102; x_wconf 85' lang='lat' dir='ltr'>Quod</span> <span class='ocrx_word' id='word_1_92' title='bbox 202 2036 229 2088; x_wconf 77' lang='grc' dir='ltr'>δι</span> <span class='ocrx_word' id='word_1_93' title='bbox 240 2034 297 2103; x_wconf 87' lang='lat' dir='ltr'>ipse</span> <span class='ocrx_word' id='word_1_94' title='bbox 308 2035 428 2099; x_wconf 85' lang='lat' dir='ltr'>mirans,</span> <span class='ocrx_word' id='word_1_95' title='bbox 443 2034 568 2088; x_wconf 83' lang='lat' dir='ltr'>conscius</span> <span class='ocrx_word' id='word_1_96' title='bbox 582 2034 636 2089; x_wconf 76' lang='lat' dir='ltr'>sua</span> <span class='ocrx_word' id='word_1_97' title='bbox 653 2037 706 2090; x_wconf 83' lang='lat' dir='ltr'>sibi</span> 
     </span>
     <span class='ocr_line' id='line_1_22' title="bbox 104 2106 790 2179; baseline 0.004 -18"><span class='ocrx_word' id='word_1_98' title='bbox 104 2107 295 2179; x_wconf 79' lang='lat' dir='ltr'>indignitatis:</span> <span class='ocrx_word' id='word_1_99' title='bbox 310 2106 367 2160; x_wconf 79' lang='lat' dir='ltr'>Effe</span> <span class='ocrx_word' id='word_1_100' title='bbox 383 2108 533 2177; x_wconf 84' lang='lat' dir='ltr'>quidhoc,</span> <span class='ocrx_word' id='word_1_101' title='bbox 549 2107 658 2176; x_wconf 84' lang='lat' dir='ltr'>inquit,</span> <span class='ocrx_word' id='word_1_102' title='bbox 677 2126 790 2179; x_wconf 78' lang='lat' dir='ltr'>putem,</span> 
     </span>
     <span class='ocr_line' id='line_1_23' title="bbox 104 2179 782 2253; baseline 0.004 -19"><span class='ocrx_word' id='word_1_103' title='bbox 104 2180 259 2250; x_wconf 85' lang='lat' dir='ltr'>Tantopere</span> <span class='ocrx_word' id='word_1_104' title='bbox 272 2179 346 2251; x_wconf 81' lang='lat' dir='ltr'>qudd</span> <span class='ocrx_word' id='word_1_105' title='bbox 358 2181 438 2234; x_wconf 86' lang='lat' dir='ltr'>herus</span> <span class='ocrx_word' id='word_1_106' title='bbox 455 2180 550 2251; x_wconf 89' lang='lat' dir='ltr'>diligat</span> <span class='ocrx_word' id='word_1_107' title='bbox 563 2196 672 2235; x_wconf 87' lang='lat' dir='ltr'>metam</span> <span class='ocrx_word' id='word_1_108' title='bbox 687 2200 782 2253; x_wconf 83' lang='lat' dir='ltr'>parum</span> 
     </span>
     <span class='ocr_line' id='line_1_24' title="bbox 105 2253 657 2326; baseline -0.004 -18"><span class='ocrx_word' id='word_1_109' title='bbox 105 2253 277 2309; x_wconf 74' lang='lat' dir='ltr'>laudabilem</span> <span class='ocrx_word' id='word_1_110' title='bbox 291 2292 300 2319; x_wconf 74' lang='grc'><em>,</em></span> <span class='ocrx_word' id='word_1_111' title='bbox 314 2267 342 2308; x_wconf 88' lang='lat' dir='ltr'>te</span> <span class='ocrx_word' id='word_1_112' title='bbox 353 2254 504 2325; x_wconf 87' lang='lat' dir='ltr'>digniorem</span> <span class='ocrx_word' id='word_1_113' title='bbox 522 2254 657 2326; x_wconf 74' lang='lat' dir='ltr'>negligat?</span> 
     </span>
    </p>

    <p class='ocr_par' dir='ltr' id='par_1_13' title="bbox 104 2327 860 2472">
     <span class='ocr_line' id='line_1_25' title="bbox 104 2327 860 2398; baseline 0.011 -18"><span class='ocrx_word' id='word_1_114' title='bbox 104 2327 230 2398; x_wconf 79' lang='lat' dir='ltr'>Nempe,</span> <span class='ocrx_word' id='word_1_115' title='bbox 245 2343 324 2382; x_wconf 84' lang='lat' dir='ltr'>vetus</span> <span class='ocrx_word' id='word_1_116' title='bbox 336 2328 434 2397; x_wconf 87' lang='lat' dir='ltr'>hospes</span> <span class='ocrx_word' id='word_1_117' title='bbox 445 2328 556 2389; x_wconf 83' lang='lat' dir='ltr'>retulit,</span> <span class='ocrx_word' id='word_1_118' title='bbox 573 2328 612 2382; x_wconf 90' lang='lat' dir='ltr'>sic</span> <span class='ocrx_word' id='word_1_119' title='bbox 620 2329 744 2385; x_wconf 84' lang='lat' dir='ltr'>homines</span> <span class='ocrx_word' id='word_1_120' title='bbox 756 2329 860 2389; x_wconf 64' lang='lat' dir='ltr'>solenti</span> 
     </span>
     <span class='ocr_line' id='line_1_26' title="bbox 106 2400 733 2472; baseline 0 -16"><span class='ocrx_word' id='word_1_121' title='bbox 106 2400 231 2472; x_wconf 84' lang='lat' dir='ltr'>Plerique</span> <span class='ocrx_word' id='word_1_122' title='bbox 246 2419 319 2457; x_wconf 87' lang='lat' dir='ltr'>nova</span> <span class='ocrx_word' id='word_1_123' title='bbox 333 2401 469 2456; x_wconf 84' lang='lat' dir='ltr'>veteribus</span> <span class='ocrx_word' id='word_1_124' title='bbox 487 2402 551 2455; x_wconf 87' lang='lat' dir='ltr'>ideo</span> <span class='ocrx_word' id='word_1_125' title='bbox 569 2403 733 2472; x_wconf 80' lang='lat' dir='ltr'>praeierunt,</span> 
     </span>
    </p>
   </div>
   <div class='ocr_carea' id='block_1_6' title="bbox 106 2472 837 2547">
    <p class='ocr_par' dir='ltr' id='par_1_14' title="bbox 106 2472 837 2547">
     <span class='ocr_line' id='line_1_27' title="bbox 106 2472 837 2547; baseline 0.001 -17"><span class='ocrx_word' id='word_1_126' title='bbox 106 2472 181 2542; x_wconf 83' lang='lat' dir='ltr'>Quia</span> <span class='ocrx_word' id='word_1_127' title='bbox 192 2493 285 2541; x_wconf 82' lang='lat' dir='ltr'>nova3</span> <span class='ocrx_word' id='word_1_128' title='bbox 302 2491 413 2543; x_wconf 83' lang='lat' dir='ltr'>vetera,</span> <span class='ocrx_word' id='word_1_129' title='bbox 432 2475 495 2547; x_wconf 77' lang='lat' dir='ltr'>qm&#39;a</span> <span class='ocrx_word' id='word_1_130' title='bbox 505 2490 598 2531; x_wconf 81' lang='lat' dir='ltr'>vetera</span> <span class='ocrx_word' id='word_1_131' title='bbox 610 2476 686 2543; x_wconf 74' lang='lat' dir='ltr'>sunt,</span> <span class='ocrx_word' id='word_1_132' title='bbox 699 2476 837 2547; x_wconf 68' lang='lat' dir='ltr'>respuunt.</span> 
     </span>
    </p>
   </div>
   <div class='ocr_carea' id='block_1_7' title="bbox 451 2660 511 2775">
    <p class='ocr_par' dir='ltr' id='par_1_15' title="bbox 451 2660 511 2775">
     <span class='ocr_line' id='line_1_28' title="bbox 451 2660 511 2775; baseline 0 -5"><span class='ocrx_word' id='word_1_133' title='bbox 451 2660 511 2775; x_wconf 65' lang='lat' dir='ltr'>tii</span> 
     </span>
    </p>
   </div>
   <div class='ocr_carea' id='block_1_8' title="bbox 0 0 1008 3659">
    <p class='ocr_par' dir='ltr' id='par_1_16' title="bbox 0 0 1008 3659">
     <span class='ocr_line' id='line_1_29' title="bbox 0 0 1008 3659; baseline 0 0"><span class='ocrx_word' id='word_1_134' title='bbox 0 0 1008 3659; x_wconf 95' lang='lat' dir='ltr'> </span> 
     </span>
    </p>
   </div>
  </div>
 </body>
</html>
