1984 3659
151 169 315 245 ‘Linan
352 193 720 257 opponemus,
765 192 838 279 275

76 291 254 363 Adspiciunt,
271 296 336 350 diris
348 299 462 352 seviunt
477 302 625 357 latratibus.

74 368 201 421 Subsistit
216 369 283 431 ille3
304 388 371 425 mox
387 388 459 426 retro
473 376 558 428 vertit
576 381 684 447 gradum
697 399 708 440 3

74 443 231 512 fugamque
250 443 378 505 simulat,
396 445 594 518 identidemque
607 454 725 522 respicit.

73 515 170 568 Ruunt
187 518 318 579 molossi;
337 521 449 575 accurrit
460 522 517 590 ipse
531 524 650 578 fervidus

76 588 192 657 Opilio,
207 592 364 662 magnisque
382 594 481 649 excitat
496 598 673 653 damonibus:

74 661 176 730 Agite,
196 663 388 735 insequimini,
409 668 490 722 sistite
508 671 602 732 huno,
619 675 712 728 dedam
724 670 797 733 neci.¹

73 734 113 787 At
131 735 178 789 ille
195 739 305 806 pedibus
322 741 435 807 melior,
452 742 499 796 ubi
518 744 599 798 sentit
616 746 668 801 sibi

74 808 194 863 Turbam
209 811 368 878 imminere,
378 815 482 869 viribus
497 817 564 871 totis
576 819 664 892 fugit,

75 882 207 955 Subitque
218 887 315 940 silvam
327 926 337 952 ,
352 889 518 959 latibuloque
528 894 658 960 proximo

74 957 232 1026 Receptus,
251 960 337 1015 hostes
351 962 467 1033 denique
484 966 569 1018 eludit
584 966 657 1023 suos.

73 1029 163 1098 lgitur
174 1032 271 1102 Opilio
286 1034 367 1096 tristis
382 1038 414 1089 ad
427 1054 535 1108 gregem
552 1040 642 1101 redit3

74 1102 235 1173 Videasque
254 1108 393 1178 dissipates
417 1111 444 1164 δι
459 1112 570 1180 pavidus
587 1130 674 1178 oues,

75 1176 218 1233 Attonitus
230 1183 312 1236 heret
324 1202 332 1237 t
347 1183 421 1254 cogit
433 1201 463 1239 ac
480 1202 601 1240 numerat
616 1204 699 1257 pecus
710 1206 720 1248 ς

74 1249 222 1323 Ovemque
238 1256 324 1311 noscit
340 1257 463 1312 otnnium
477 1260 531 1312 heu
544 1265 550 1314 !
571 1261 736 1314 carissimam

72 1324 186 1380 Abeffe:
202 1345 264 1382 nam
278 1332 341 1384 dum
356 1332 469 1386 abscedit
484 1332 550 1386 hinc
568 1334 736 1406 improvidus
747 1370 761 1400 ‚.

72 1397 123 1451 Iste
135 1399 273 1459 sceleratus
286 1407 353 1459 alter
370 1404 473 1460 interei
486 1408 557 1460 latro

74 1471 256 1531 Occasionem
267 1481 436 1533 commodam
453 1480 492 1532 nil
504 1481 603 1535 distulit

71 1545 326 1614 apponere-luem
343 1554 389 1607 sed
405 1554 546 1623 inopintto
559 1556 657 1621 ἱπιιίτ,ι

72 1618 227 1691 Rapuitque
245 1627 361 1695 predam
372 1644 408 1680 ex
422 1630 499 1681 omni
509 1629 637 1685 celestem
648 1645 747 1701 greges

72 1693 217 1765 Notosque
234 1714 282 1766 per
300 1700 427 1756 circuitus
441 1703 551 1771 repetiit
569 1706 677 1769 locum,

72 1766 170 1822 Socius
185 1771 230 1838 ubi
245 1772 326 1827 siccis
341 1775 508 1846 exspeciabat
519 1779 647 1831 faucibus·
665 1780 667 1785 '

111 1842 177 1896 Haec
189 1846 275 1899 fabula
286 1850 365 1902 docet
379 1883 387 1909 ‚
405 1867 462 1903 non
473 1851 511 1903 ibi
523 1850 575 1905 effe
588 1851 737 1905 maximum

72 1913 210 1985 Semper,
230 1920 275 1973 ubi
288 1922 405 1975 maxime
420 1925 535 1990 eminet,
550 1925 708 1993 pericuium.

161 2040 741 2109 e—ss-—QQ

218 2168 242 2240 F
266 2169 298 2239 A
324 2169 349 2240 Β
374 2172 411 2243 U
435 2171 519 2244 LA
566 2174 601 2245 V
626 2176 641 2244 l
666 2175 692 2244 I.

294 2314 364 2385 Bos
379 2315 601 2412 philosophus.

74 2420 276 2540 Planum
287 2502 330 2541 an
340 2501 389 2541 us
404 2487 471 2551 olim
486 2487 556 2543 fama
571 2502 630 2544 erat
640 2487 828 2562 celeberrimus

73 2560 128 2612 Bos
145 2578 152 2613 :
169 2561 264 2632 Magna
278 2561 361 2630 quid,
377 2561 432 2627 ait,
449 2579 549 2617 cornua
562 2562 608 2616 ista
618 2560 764 2627 meiuvant

75 2633 118 2685 Ad
127 2634 339 2704 consequendam
349 2674 360 2701 ,
370 2652 449 2706 quum
459 2639 546 2702 volo,
560 2636 741 2705 sapientiam?

72 2707 241 2776 Supervacua
253 2709 330 2771 suru‘,
344 2709 433 2764 immo
443 2710 588 2780 plurimum
602 2724 717 2764 nocente
777 2762 780 2768 ,

72 2780 126 2834 Per
141 2794 251 2836 nemora
265 2800 382 2853 namque
395 2785 524 2855 quoties,
537 2785 565 2838 &
579 2782 724 2838 silentibus

73 2853 133 2909 sus
142 2855 243 2911 umbris
254 2860 381 2926 anabulo,
394 2858 528 2928 sapientes
537 2872 570 2911 ut
578 2857 688 2986 ffilent,
738 2934 753 2963 a

628 2948 660 3001 Vl
