1984 3659
138 216 245 287 Fra.
270 215 428 308 AEsor.
451 218 551 289 Lis.
575 218 670 292 XV.
721 238 792 319 357

32 331 106 385 Tum
121 336 226 403 paribus
245 337 295 390 alis
311 353 342 390 ac
357 334 486 390 celeribus
503 355 648 407 praepetem

34 408 71 460 Se
82 408 171 473 tollit,
189 412 215 463 δι
231 427 299 463 mort
311 412 342 462 ab
361 410 447 464 oculis
464 411 599 465 hiantium

37 481 182 546 Vanescit,
201 484 228 535 δι
247 485 290 548 se,
312 485 338 536 δι
352 484 446 553 gaudia
461 485 496 535 ad
512 484 604 537 nidum
614 486 705 541 refert.

76 557 173 610 Carere
187 556 266 609 sensu
279 571 334 609 tam
351 558 422 625 piam
436 571 548 611 matrem
565 573 661 627 putas,

36 626 160 698 Tamque
173 629 361 699 ingeniosam?
377 631 406 681 Si
423 630 482 700 quis
501 631 528 684 id
542 632 727 699 contenderit,

37 701 139 765 Dicat,
155 703 316 771 quibusnam
334 704 452 771 pertrahi
468 705 635 773 corpusculis

38 776 100 827 Huc
117 775 163 829 illa
174 775 280 844 possit,
294 778 363 829 unde
373 777 522 845 periculum
539 778 616 831 vitiet

38 848 148 905 Instare.
166 850 281 902 Matrem
293 866 388 913 amor,
408 866 484 903 antor
495 852 625 918 pertrahit

38 920 198 1006 Maternus,
214 922 290 993 aqui
302 923 458 992 perspicax,
477 940 507 976 ac
518 924 635 978 sedulus.

129 1048 707 1107 φ-τ--ὲὶῗὲέεεεω

136 1147 516 1252 'annuns
559 1174 631 1244 ·11.

191 1314 370 1386 Philomcla
400 1310 545 1387 &Aves
568 1317 655 1388 alic.

50 1423 90 1545 S
103 1501 164 1541 rat
182 1486 349 1543 multiforme
365 1484 465 1542 confici
478 1487 524 1542 vir
541 1486 658 1556 nobilis,

48 1562 217 1631 Clathrisque
234 1564 319 1616 claudi
333 1560 437 1627 jusserat
458 1562 610 1617 aviarium:

47 1636 89 1689 lbi
106 1634 252 1698 carduelis,
268 1634 370 1705 passer,
382 1636 491 1701 anthus,
505 1639 647 1707 graculus,

48 1708 210 1778 Fringuilla,
232 1708 352 1773 sturnus,
369 1709 448 1777 pica,
464 1713 583 1774 merula,
599 1710 722 1779 galliola,

48 1783 190 1852 liliaque,
210 1781 332 1852 strepitus
347 1785 424 1836 edere
442 1783 566 1838 indubios
583 1800 648 1836 aves

50 1856 163 1919 Solita,
183 1854 316 1926 agitabant
331 1858 510 1910 communiter
528 1858 670 1910 etatulam.

51 1931 125 1997 Quas
147 1928 217 1982 inter
232 1946 304 1999 agro
322 1944 468 1981 maceratur
483 1930 564 1982 taedio

50 2003 215 2067 Philomela,
233 2017 325 2055 cantus
339 2000 412 2070 qubd
424 2002 616 2053 animadvertat
629 1999 692 2053 suos

51 2077 212 2146 Plerumque
226 2073 329 2127 meritis
342 2073 486 2126 defraudari
504 2074 644 2134 laudibus,

51 2150 163 2219 Totque
172 2149 263 2215 audite
278 2149 359 2201 sonos
374 2146 416 2200 his
426 2146 480 2199 suis
490 2159 545 2199 tam
556 2145 672 2214 dispares

52 2222 192 2294 Cogaturt
210 2238 275 2291 ergo
289 2219 461 2281 solitudinem
476 2220 598 2289 expetlt3

54 2298 88 2350 Et
101 2311 176 2350 muta
184 2298 303 2365 languet.
322 2294 389 2347 Rem
401 2293 526 2347 domiuus
541 2289 685 2362 intelligitc
722 2341 723 2344 ,
808 2297 811 2300 ’

54 2372 218 2439 solamque,
236 2368 317 2421 caves
327 2368 440 2421 clausam
452 2367 483 2420 in
492 2364 615 2440 anguiis,
628 2363 723 2436 procul

56 2445 98 2497 Ab
116 2443 193 2496 omni
205 2441 316 2510 strepitu
330 2441 484 2495 inordinato
502 2441 634 2493 semovet.

54 2518 134 2570 Tunc
147 2518 191 2570 illa
209 2517 297 2570 secum
313 2515 406 2570 cuusla
421 2528 543 2583 reputare
553 2511 650 2582 incipit

57 2591 131 2643 Vita
144 2589 242 2659 prioris
253 2592 396 2646 commoda
407 2608 415 2643 t
429 2587 534 2646 facilem
543 2588 653 2640 obviam

59 2662 288 2722 Communitatttn
303 2663 391 2717 vietus
406 2679 467 2715 cum
482 2660 615 2714 sodalibus

60 2738 158 2802 Latis,
175 2736 293 2804 iocosis,
310 2735 428 2805 praditis
440 2734 516 2787 varia
528 2733 639 2795 indole,

59 2812 179 2880 ideoque
196 2811 267 2866 lusus
283 2808 376 2864 varios
391 2806 601 2861 exhibentibus:

61 2885 134 2941 Tum
152 2875 238 2956 spitia‘
249 2883 353 2957 magnis
374 2880 516 2938 terminata
534 2877 649 2946 sinibus,
