1984 3659
159 215 231 305 3η·
292 207 405 276 Fan.
430 206 791 279 AEsorrrnvm

157 331 256 385 Secum
269 329 329 382 lraee
340 331 469 392 locutus,
486 327 608 381 Ostrearn
621 366 629 390 ,
646 344 726 397 quam
737 329 893 396 abjecerat,

157 403 285 472 Repetit,
301 403 446 472 capitque,
460 402 488 454 dt
503 399 583 454 anxie
596 402 770 467 considerat,

159 478 291 545 Odorque
303 491 453 546 quanquam
461 490 507 527 aut
518 477 605 527 nullus
616 474 669 539 est,
681 491 726 528 aut
738 493 797 531 non
810 477 920 549 gravis,

158 549 281 615 olfacit,
301 550 395 604 acerbe
406 548 553 619 corrugatis
571 549 698 613 naribus,

159 625 338 694 Sorptamque
350 625 456 676 demum
470 621 669 676 nauseabundus
685 637 786 679 vorata

159 700 196 750 At
212 698 258 751 illa
272 697 352 751 celeri
366 696 466 750 lubrica
479 695 593 764 illapsu,
610 696 713 750 aridum

162 771 304 842 Postquam
319 770 417 842 rigavit
432 780 541 840 guttur,
558 768 670 824 intimos
688 770 758 826 subit

161 845 302 901 stomachi
314 842 445 908 recellus,
462 844 489 896 tr
505 841 625 896 hominis
637 860 738 898 recreat
751 844 851 912 sinn

162 916 260 972 Sensus
275 917 375 972 inerter
388 935 420 971 ac
436 933 521 987 prope
534 916 739 972 intermortuos.

164 992 192 1045 0
208 992 344 1056 suavitas,
361 993 512 1045 exclamat!
536 990 563 1043 O
577 989 691 1059 gustatio

164 1065 233 1118 Tam
244 1065 367 1128 delicati,
381 1079 436 1117 tam
452 1063 576 1117 salutaris
590 1062 644 1117 cibi

164 1139 272 1206 Sperata
290 1141 453 1206 numquam!
470 1138 503 1189 Et
514 1137 560 1189 ille
570 1153 617 1189 ros
630 1151 759 1206 quantum
770 1137 843 1194 boui

165 1210 252 1263 Habet
269 1210 393 1279 saporis,
409 1209 499 1263 vividi
516 1226 643 1279 quantum
654 1210 733 1267 salis!

163 1283 284 1337 Salivam
302 1285 329 1338 bi
343 1284 386 1337 ori
397 1283 515 1337 marcido
530 1286 636 1352 qualem
650 1283 735 1340 facit!

163 1355 233 1412 Hac
249 1357 320 1412 inter
336 1356 392 1427 ipsa
404 1359 485 1412 verba
500 1356 589 1411 nihild
605 1357 709 1427 segnius

164 1431 292 1501 Undique
309 1431 425 1500 capessit
437 1430 563 1495 Ostreas,
582 1431 738 1497 &dividit,

164 1502 199 1557 Et
215 1504 360 1575 abligurit,
377 1521 461 1574 usque
478 1502 590 1558 eodum
607 1504 702 1557 debilis

165 1576 250 1650 Fungi
267 1579 316 1631 suo
332 1578 501 1632 ventriculus
516 1576 607 1631 officio
625 1592 726 1647 neget,

166 1649 259 1703 Nimid
279 1651 406 1705 videlicet
425 1650 569 1720 impeditur
584 1650 682 1720 copid:

165 1721 307 1777 Continud
321 1726 460 1787 acescunt,
481 1725 619 1793 diditoque
630 1723 763 1779 ebulliunt

165 1793 265 1849 Calore
283 1798 382 1851 faces:
405 1796 528 1850 resiliunt
545 1797 643 1851 nervi:
665 1796 738 1850 fibrae

165 1868 381 1938 Exasperantur:
398 1870 517 1923 moribus
533 1870 641 1940 sanguis
655 1871 722 1924 furit

165 1941 347 1999 inordinatis:
364 1942 395 1996 fit
412 1946 562 1997 tumultus:
581 1945 608 1997 se
623 1944 714 2013 liquor

165 2016 291 2089 Exagitat
308 2016 418 2083 omnis,
438 2017 465 2070 ἃ
476 2017 566 2071 omnis
576 2016 719 2071 obstruitur
731 2016 779 2072 via
791 2034 803 2073 t

168 2089 319 2147 conflictus
334 2106 412 2146 atrox
422 2091 579 2150 invalescir·‚
596 2092 622 2142 bt
637 2090 715 2144 brevi

167 2166 310 2234 Compago
328 2165 399 2219 vidia
417 2165 540 2234 corporis
556 2163 717 2219 dissolvitur.

168 2236 212 2289 Sic
232 2238 279 2304 qui
294 2238 412 2291 furorem
428 2239 548 2292 evaserat
564 2238 627 2290 dirae
639 2236 740 2303 famis,

95 2378 99 2385 „
165 2308 341 2365 lenocinanti
360 2313 423 2365 dum
444 2313 511 2384 gulae
528 2310 696 2380 obsequitur,
716 2308 799 2380 perit,

203 2383 279 2436 Idem
293 2382 447 2439 abstinenter
463 2386 531 2454 sape
550 2386 695 2450 mortales,
705 2384 778 2439 iden

168 2453 379 2526 intemperantes
392 2456 460 2527 saepe
477 2459 506 2511 in
518 2457 633 2512 exitium
647 2473 742 2511 ruunt:

168 2529 278 2589 Tanti,
295 2530 397 2600 peritos
414 2533 478 2585 dum
493 2546 569 2601 putat
583 2530 675 2599 sensui
689 2530 798 2599 (lucer,⁴

168 2603 292 2660 Humana
304 2621 369 2678 gent
389 2606 491 2661 laborat
509 2603 704 2674 imprudenridl

485 2749 607 2829 M
