1984 3659
214 168 656 244 PRAEFATJO.
766 164 820 260 vij

52 308 126 375 tur,
151 310 185 357 ut
208 292 324 357 laudem
345 293 459 356 fabellae
476 291 559 357 snam
578 293 736 356 obtineant.
762 292 823 357 Eas

63 396 135 459 ergo
153 374 269 438 necelse
290 371 331 437 est
354 379 503 438 continere
516 376 611 449 nihil,
628 396 689 458 quo
707 375 820 449 virtus,

84 459 179 532 udor,
193 455 328 520 honestas
338 460 451 540 possint
466 455 587 521 offendi.
604 455 706 536 Quam
721 457 820 541 legem

63 481 228 617 dhaedrus,
252 560 289 601 ex
312 542 322 599 i
344 538 373 600 sa
397 536 592 622 apologorum
614 555 715 599 natura
740 559 821 602 eme-

62 639 206 694 nentem,
219 620 303 703 quod
318 561 383 694 dis,
401 637 484 683 terve
506 621 655 704 neglexit,
675 619 747 680 illud
762 622 821 680 mi-

63 701 190 797 serrimis
206 704 263 768 avi
283 701 434 778 tiberiani,
454 722 516 785 quo
526 703 630 786 ylen,
647 701 822 784 corruptelis
841 739 843 742 -

63 801 190 867 utputo.

57 993 62 999 .
106 933 265 998 Denmn
291 953 410 1079 ⁰2th
435 935 490 998 nili
511 935 652 998 suavitate
676 936 824 1021 apologos
914 1012 917 1016 ¹

66 1015 123 1079 elle
139 1018 298 1079 commend
337 1019 399 1081 iles.
421 1016 517 1099 Quod
531 1020 674 1091 eveniet,
692 1022 717 1079 si
734 1037 822 1081 com-

65 1098 222 1180 prehensio
239 1100 396 1162 verborum
414 1101 512 1162 omnis
526 1100 667 1161 laboriosa
682 1100 822 1184 repudie-

9 1249 10 1252 ,
63 1199 131 1255 tur;
153 1180 321 1242 adhibeatur
338 1198 436 1244 autem
455 1182 585 1243 elocutio
609 1203 704 1263 pura,
727 1182 821 1244 nativi

65 1261 174 1343 lepdris
187 1263 292 1343 plena,
311 1263 348 1324 ad
359 1264 552 1324 narrationem
565 1262 739 1339 dilucidam,
749 1263 821 1324 bre-

69 1362 218 1425 vemque,
233 1344 267 1403 'id
286 1342 346 1415 est,
368 1345 541 1407 circuitione
556 1345 633 1405 uani
648 1359 823 1430 carentemj

41 1446 46 1451 ·
67 1425 316 1501 accommodatat
331 1447 364 1487 ac
384 1422 650 1487 demumfestivitas
667 1425 820 1507 quaedam,

64 1505 160 1567 minio
185 1524 304 1588 arguta,
322 1506 409 1588 qudtn
432 1508 579 1590 ingenua,
593 1528 660 1568 cum
678 1506 822 1590 simplici}

63 1601 122 1648 tate
143 1585 284 1649 sermonis
301 1605 442 1671 perpetua
457 1586 657 1671 conjungatur.

102 1735 215 1801 Hanc
239 1740 331 1822 porro
360 1737 504 1802 scribendi
526 1741 693 1814 tationem,
724 1739 822 1804 studio

60 1818 139 1883 forte
151 1821 246 1881 inutili
256 1818 406 1898 incensus,
428 1825 494 1882 clim
506 1824 536 1883 in
555 1843 568 1883 1
586 1822 699 1883 fabellis
710 1843 821 1904 teprae-

61 1900 172 1963 lentare
186 1922 400 1984 percuperem
414 1905 451 1965 -&
466 1923 542 1964 nunc
552 1901 724 1974 Phaedrum,
741 1923 820 1965 nunc

62 1982 224 2052 Fontanam
234 2027 245 2064 ,
263 1981 391 2045 summos
409 1984 496 2045 ambo
517 1982 641 2045 artifices
659 2028 670 2058 ,
691 1983 822 2065 inspice·

63 2086 125 2126 rem
145 2088 154 2126 ε
182 2065 231 2125 hic
254 2064 290 2124 ad
315 2082 477 2125 extremum
494 2065 647 2128 videbatur
667 2065 740 2127 milti
758 2083 820 2128 tam

62 2146 184 2228 plenus,
206 2163 323 2228 tamque
335 2142 500 2249 perfectus,
522 2163 554 2207 ut
571 2166 618 2208 me
635 2147 820 2222 deterreret,

63 2248 99 2289 ne
129 2226 229 2309 linguai
250 2226 351 2310 gallica
371 2227 510 2289 auderem
535 2230 720 2309 propositum
740 2227 821 2289 exse·

64 2310 111 2391 qui
129 2331 137 2371 t
159 2307 271 2381 atille,
290 2324 481 2390 praeterquam
499 2309 579 2391 quod
598 2308 716 2371 fabellas
732 2309 819 2370 nobis

63 2389 138 2452 haud
153 2391 193 2449 ita
206 2388 310 2450 multas
328 2389 467 2471 reliquit,
480 2389 568 2451 habet
583 2407 725 2472 praetetea
738 2391 815 2450 rion-

63 2472 177 2546 nullas,
192 2490 258 2551 quae
279 2472 423 2551 ingeniis,
439 2470 536 2553 qualia
547 2491 624 2532 nunc
639 2468 727 2543 sunt,
745 2490 818 2531 con·

61 2554 160 2623 ‚uenire
170 2555 223 2614 vix
234 2553 348 2637 possint
367 2574 375 2613 ι
395 2568 482 2635 atque
497 2569 530 2614 ut
543 2552 592 2627 id,
610 2552 691 2638 quod
703 2550 818 2627 sentio‚'

91 2717 104 2755 1
121 2699 208 2755 Peuce
221 2697 310 2755 Phaedri
321 2699 405 2755 fabula
416 2717 470 2757 cunr
489 2700 561 2771 ipsius
574 2704 647 2772 prima
664 2702 714 2755 libri
730 2689 815 2770 primi,

54 2763 166 2894 {dodum
177 2768 204 2823 δι
219 2780 300 2838 eguu,
319 2770 436 2840 exequuti
456 2767 568 2840 dignitate
578 2785 607 2825 ac
622 2768 740 2825 venustate
751 2783 814 2840 pose

579 2900 652 2965 aie
