1984 3659
175 162 278 294 'xvij
344 184 787 264 PRAEFArro.

182 313 315 377 Anienus
326 347 339 388 ·‚
356 315 406 375 vel
423 312 573 387 Abienus,
585 310 636 374 vel
651 309 801 384 Arrianus,
815 309 875 373 vel
888 308 943 374 dea

180 397 270 478 nique
291 394 305 476 (
325 397 367 455 sic
381 397 460 456 enim
472 398 584 456 variant
597 391 782 473 manuscripti
791 390 941 476 codices)

180 475 313 539 Avianus
324 477 372 537 ille
387 479 445 550 sit,
464 473 545 554 cujus
559 474 668 536 exstant
680 473 786 534 fabulae
803 473 938 554 aesopicae

174 558 368 642 'quadraginta
390 560 453 619 duae
481 558 572 640 elegis
597 554 756 639 expreffae,
786 576 848 616 non
872 554 939 615 satia

180 658 366 721 compertum
385 638 435 700 est.
459 637 576 700 Horum
593 655 690 698 tamen
710 640 842 697 omnium
863 656 939 697 unus

179 719 318 804 idemque
331 719 429 781 audior
449 721 527 801 apud
550 717 705 803 plerosque
719 719 834 779 criticos
849 717 939 778 habe·

177 816 226 861 tur
243 801 336 863 Rufus
355 800 454 863 Festus
471 801 613 862 Avienus.
629 798 704 881 Quo
721 818 819 860 autem
836 796 939 861 seculo

178 884 308 957 vixerit,
331 883 389 965 qud
408 886 446 945 sit
463 883 577 956 domo,
598 883 648 942 vel
670 897 757 965 gente
773 880 940 956 oriundus,

179 984 241 1024 non
259 966 349 1047 magis
371 964 476 1047 liquet.
491 962 578 1025 Illum
595 964 673 1023 enim
692 959 816 1023 floruisse
834 959 936 1022 dicunt

178 1044 227 1105 alii
250 1043 460 1120 Diocletiani,
484 1044 531 1103 alii
555 1043 699 1104 Antonini
723 1043 786 1114 Pii,
803 1042 853 1102 vel
872 1042 936 1103 Ha·

178 1124 271 1185 driani
288 1125 489 1205 temporibus,
505 1141 601 1222 neque
614 1123 813 1186 testimonium
823 1121 936 1199 ullum,
973 1133 976 1244 p

176 1204 306 1266 ullamve
321 1208 461 1267 rationem
473 1204 611 1267 idoneam
626 1204 788 1284 subjiciunt.
807 1202 935 1265 lacobus
974 1247 975 1260 r

177 1303 277 1348 autem
294 1284 420 1369 Sponius
437 1289 506 1348 clim
530 1286 634 1348 Rornae
655 1289 688 1348 in
705 1283 934 1348 villaCaesarioi
975 1308 977 1378 p

179 1365 328 1449 reperisset
347 1367 421 1429 Festi
446 1368 556 1430 Avieni
581 1366 759 1450 proconsulis
784 1369 935 1448 epigram·
975 1387 976 1392 ¹

176 1468 243 1520 ma,
261 1450 291 1508 in
309 1448 412 1509 suimet
427 1450 516 1531 ipsius
532 1451 704 1510 memoriam
718 1450 934 1529 compositum,
975 1473 976 1476 ¹

176 1544 265 1610 atque
283 1531 313 1588 in
337 1548 482 1590 marmore
505 1528 673 1609 inscriptum
690 1574 699 1600 ,
719 1531 875 1611 vulgavit,
901 1531 934 1592 &

175 1607 284 1671 Avieni
295 1607 384 1669 nostri
400 1608 491 1671 fetum
509 1610 565 1670 esle
577 1612 774 1692 pronuntiavit
789 1630 817 1692 3.
833 1608 933 1673 Deam

175 1691 266 1773 porri>
295 1689 430 1751 Nortiam
449 1709 605 1753 veneratur
634 1690 731 1753 auttor
760 1690 845 1770 hujus
869 1693 934 1774 epi·

177 1773 343 1911 pramrnatis
355 1792 365 1845 ;
386 1772 418 1833 δι
431 1770 459 1832 se
472 1771 599 1833 Vulsinii
614 1769 629 1855 (
644 1773 725 1855 quod
735 1793 810 1833 nunc
821 1770 863 1836 est
875 1770 934 1833 Ita·

190 1854 214 1911 is
236 1853 315 1934 Lago
336 1855 366 1912 di
384 1851 534 1936 Bolseno)
557 1870 655 1914 natum
681 1854 815 1916 declarat.
850 1851 932 1916 Tum

178 1930 377 2074 collifiendum
400 1937 454 1994 erit
475 1932 599 1995 floruisse
626 1934 702 1994 hunc
733 1951 800 1996 ante
824 1955 933 1998 annum
978 1985 979 2010 r

176 2009 248 2073 Chri
275 2016 283 2073 i
283 2012 354 2155 ¹{78
368 2035 375 2074 :
394 2035 453 2097 quo
467 2036 543 2076 anno
555 2014 666 2075 Valens
675 2015 836 2093 Imperator
846 2015 933 2077 flam·

176 2097 233 2154 mis
247 2114 282 2154 ex
303 2094 397 2155 indlus
419 2093 460 2157 est
472 2119 479 2158 τ
493 2095 594 2157 suidas
617 2099 693 2158 enim
712 2096 829 2158 Festum
841 2095 932 2159 Avie·

175 2192 248 2235 num
272 2194 416 2236 memorat
436 2197 453 2236 a
471 2175 598 2239 Valente
626 2175 739 2239 missum
765 2180 795 2239 in
827 2178 933 2240 Asiam

176 2253 260 2316 fuisse
276 2255 497 2337 proconsulem..
515 2256 557 2318 At
583 2257 683 2319 Petrus
706 2257 818 2320 Melian
840 2258 931 2341 hispa·

176 2356 231 2400 nus
237 2381 249 2409 ‚
262 2338 310 2418 qui
323 2335 432 2398 Avieni
451 2336 540 2399 nostri
556 2361 666 2422 opera,
684 2360 749 2421 quae
763 2338 932 2420 supersunt,

175 2417 314 2501 collegit,
334 2418 366 2480 dt
388 2439 464 2484 anno
484 2421 558 2562 ¹⁶³as
587 2420 705 2481 Madriti
728 2421 839 2490 edidit,
865 2419 931 2482 satis

179 2497 308 2559 relleex
324 2518 381 2568 eo,
398 2500 479 2583 quod
492 2522 528 2562 au
555 2523 611 2575 or,
631 2500 705 2563 libro
718 2502 755 2563 de
768 2504 827 2564 oris
844 2504 933 2562 mari·

180 2575 260 2641 'timia
270 2599 349 2647 vers.
362 2578 398 2667 83
414 2582 447 2645 ὃ(
463 2582 519 2647 180
534 2581 640 2647 fretum
658 2583 843 2671 gaditanum,
863 2582 934 2648 Ma·

221 2766 233 2817 ³
256 2752 305 2809 sae.
324 2755 397 2822 Spon.
411 2754 488 2833 ltiner.
508 2756 769 2829 Tom,ll.pag.148,
787 2760 814 2816 dt
831 2758 885 2819 litt
901 2760 934 2818 de

178 2818 282 2889 uantur.
300 2818 375 2879 Deor.
393 2837 453 2893 ans,
470 2838 526 2894 pag.
537 2823 666 2898 moestu.
