1984 3659
146 193 315 265 Lrnan
340 204 732 271 nvonacrrws.‘
761 222 826 297 273

70 314 170 384 Neque
180 313 264 384 porri>
278 316 390 370 odorem
398 334 537 388 acceperat
547 320 752 384 suavissimum,

71 389 190 441 Aculeos
209 388 343 457 spinarum
358 391 441 445 sensit
457 392 580 462 oppidria

72 462 125 524 Et,
144 462 268 529 Credite,
284 463 391 534 inquit,
413 465 469 519 istis
484 469 683 523 laudatoribus:

71 534 164 600 Rosa,
181 538 255 605 quod
270 535 362 602 juvare
376 539 483 608 possit,
502 542 579 594 habet
595 542 674 610 plan'e
688 541 774 605 nihil,

71 608 246 678 Multumque
261 611 356 671 habet,
376 615 448 681 quod
456 629 569 668 noceat:
586 631 713 683 expertus
725 615 791 668 scio.

110 681 176 734 Non
186 683 301 737 multum
311 685 343 737 ab
353 683 426 747 illis,
438 687 486 756 qui
501 687 652 756 improbare
668 704 725 741 non
734 689 831 741 timent

71 752 150 807 Bona
162 772 273 826 quaeque
284 757 395 826 scripta,
409 759 510 813 abludit
524 763 581 815 hac
596 762 721 817 narratio.

168 888 743 947 n====ehwssfl==2

158 1026 162 1033 ’
237 1021 263 1091 F
287 1021 319 1091 A
343 1021 369 1091 B
395 1023 429 1094 U
454 1023 482 1094 L
507 1025 539 1095 Α
588 1025 603 1095 Ι
627 1025 673 1096 V.

173 1167 296 1236 Simius
304 1137 426 1266 troffuli
436 1189 550 1238 ornatu
561 1167 731 1270 instruaris.

75 1277 250 1401 Fauiana
265 1337 363 1408 politi,
380 1336 482 1410 lepidi,
499 1340 525 1393 δι
539 1337 631 1392 urbani
643 1343 741 1395 volens
826 1386 827 1393 ,

79 1416 215 1482 Capram,
235 1412 393 1466 munditiam
409 1413 572 1482 exquisitam
587 1413 706 1478 Simius,

77 1486 252 1555 Omnemque
266 1486 391 1554 pulchelli
409 1487 527 1539 hominis
542 1502 665 1555 ornatum
685 1486 780 1541 induit·

76 1560 119 1612 lta
134 1560 273 1612 decoratus
290 1562 420 1613 celebrem
438 1574 604 1613 conventum
620 1560 707 1629 petit,

76 1632 240 1702 Praefertque
254 1648 376 1704 magnam
392 1633 443 1687 rite
456 1632 665 1698 confidentiam,

78 1709 119 1759 Ac
134 1722 184 1775 pro
199 1704 317 1777 elegante
330 1702 442 1760 troffulo
458 1707 513 1761 sese
530 1708 607 1778 gerir.

79 1777 221 1834 Continui>
238 1781 347 1834 habetur
363 1779 458 1834 talibus
475 1780 580 1834 meritis
595 1783 693 1836 honor.

77 1855 116 1906 At
133 1853 230 1924 gaudio
251 1852 298 1906 ille
317 1853 429 1923 gestiens
443 1854 488 1907 ubi
502 1857 563 1908 vult
579 1855 675 1923 loqui,

80 1926 186 1980 Omnes
204 1927 302 1994 pudere
318 1928 419 1995 erepit,
441 1927 513 1998 quiid
531 1927 725 1980 honoraverint

79 1999 187 2056 Animal
199 2000 336 2068 ineptum
352 2000 512 2070 abiguntque
530 1999 681 2067 &ejiciunt
697 1996 779 2051 ioris.

118 2074 178 2125 Hos
195 2073 281 2126 fabula
293 2088 407 2139 monet,
426 2073 564 2142 splendido
580 2072 627 2140 qui
645 2072 770 2139 corporis

81 2145 188 2202 Ornatu
197 2147 348 2211 abundant,
366 2147 443 2201 sensu
457 2147 595 2200 cnmrnuni
614 2159 713 2200 carent.

269 2544 441 2616 Curriculics
453 2541 485 2617 Cr
497 2543 638 2618 Hirudo.

81 2656 394 2780 Uunaurrona
410 2719 474 2772 dum
489 2717 637 2772 cuniculus
651 2715 719 2782 jacet

83 2795 187 2848 cruore
206 2793 320 2863 plenus,
335 2795 363 2848 δι
385 2793 556 2862 apoplexiam
574 2792 666 2858 timet,

81 2867 181 2924 Secum
200 2865 338 2938 inquiens
355 2865 501 2944 cogitavit,
517 2864 572 2934 jan
592 2865 645 2991 riq}
663 2955 683 2993 v
790 2925 794 2933 ,
