1984 3659
147 199 325 276 Irnrrc
363 221 710 279 vrcnrcrrrvs.
763 204 832 305 269
875 156 877 160 Ι

92 322 808 397 &mik-³2>

186 453 491 527 FABULA
540 451 716 526 XXX»

124 626 247 712 Rana,
259 622 412 710 coluber,
426 623 575 711 ciconia,
595 618 628 694 dr
643 625 781 700 Lacerta.

75 733 174 852 AB
192 795 268 850 hoste
285 795 407 849 colubro
420 795 495 848 Rana
506 795 653 867 perniciem
669 796 722 851 sibi

69 870 160 923 Valde
171 870 300 932 timebat,
316 870 415 940 quippe
426 886 485 938 qua
500 882 540 922 tet
558 884 603 923 aut
621 885 715 940 quater

69 942 207 1022 Experra'
200 959 254 1010 tam
267 943 330 997 effer
341 942 548 1012 persequentis
540 959 690 1011 impetum,

73 1011 182 1086 Stidque
202 1033 299 1087 magna
318 1016 456 1086 diligentia
472 1032 567 1071 necem
635 1055 637 1062 .

71 1088 135 1142 Vix
150 1088 292 1161 effugisset
315 1090 351 1143 Ar
365 1087 502 1142 Ciconia
494 1089 606 1144 mrerim

72 1162 249 1217 Praedonem
241 1180 272 1216 ιιι
280 1162 335 1216 udo
349 1161 530 1216 dormientem
543 1165 652 1232 pratulo

71 1236 181 1301 Videt,
198 1236 331 1306 simulque
347 1251 451 1305 praepes
462 1235 527 1289 illuc
544 1238 670 1299 devolat3

73 1309 217 1379 Ipsumque
229 1308 319 1364 curvis
331 1310 463 1379 unguibus
473 1309 581 1362 violens
592 1311 678 1378 petit,

75 1385 110 1436 Et
124 1384 237 1452 premit,
254 1384 281 1437 dc
292 1382 471 1437 obluctantem
483 1383 588 1436 adunco
601 1382 719 1438 sauciant

73 1455 173 1511 Rostro
185 1472 304 1522 coercet,
323 1458 350 1510 δι
360 1455 501 1524 discerpit,
520 1456 547 1508 δι
560 1470 650 1510 vorat.

76 1530 192 1583 Elitore
205 1530 276 1584 laede
291 1527 409 1600 pronimi
427 1527 501 1583 Rana
520 1528 632 1599 adspicit

75 1603 179 1657 Omnia
188 1640 199 1669 ,
209 1603 300 1673 susque
311 1601 389 1657 causd
401 1619 458 1655 rem
472 1602 564 1673 peragi
576 1616 686 1671 putans,

75 1677 175 1731 Praedae
194 1691 334 1731 vorantem
352 1674 481 1745 reliquias
494 1674 638 1729 ciconiam

74 1749 158 1803 Adire
172 1766 313 1820 properat,
330 1750 427 1821 gratiae
440 1763 470 1803 ut
481 1749 622 1818 protinus,

74 1822 199 1877 Victrice
209 1826 316 1894 dignas,
328 1825 355 1877 δι
370 1820 503 1876 beneficio
515 1838 613 1891 pater,

80 1896 242 1962 Persolvat,
259 1896 366 1975 ipsique
381 1894 411 1948 in
432 1896 583 1951 clientelam
599 1911 630 1949 ac
645 1893 727 1952 fidem

75 1972 112 2025 Se
124 1971 261 2025 conseratt
279 1968 342 2025 dum
352 1968 457 2024 levibus
468 1984 557 2023 autem
568 1958 676 2023 saltibt'tt

76 2046 132 2098 Iter
146 2042 297 2097 institurum
311 2042 443 2108 conficit,
461 2041 533 2096 sorte
551 2042 660 2096 obviam

77 2118 332 2178 HabetLacerram3
347 2117 496 2179 cuisuum,
512 2113 571 2184 qut')
586 2127 708 2185 pergeret

76 2188 272 2262 Interroganti,
288 2189 382 2260 sponte
399 2154 544 2244 consilium
560 2188 689 2258 explicat

77 2263 116 2317 At
134 2264 181 2318 illa
194 2280 282 2318 rerum
294 2263 474 2332 improvidam
492 2263 533 2316 sic
546 2263 687 2317 admonet.

80 2338 155 2391 Bene
172 2336 223 2391 tibi
241 2334 314 2406 quod
330 2336 444 2390 voluisse
456 2334 541 2389 credis
558 2337 626 2389 hanc
640 2349 719 2388 avem

79 2409 209 2481 Magnam
224 2411 251 2464 dc
265 2424 423 2479 potentem,
435 2408 535 2463 falleris
550 2409 679 2473 meldim,
696 2407 817 2460 osotort

77 2485 219 2553 Namque,
236 2483 352 2538 fruerere
362 2482 412 2537 hic
425 2485 484 2536 luce
500 2482 658 2547 communi,
676 2481 811 2546 ansecttt,

80 2558 119 2610 Ea
130 2555 224 2626 plane,
241 2556 359 2626 opinor,
375 2555 469 2610 nesciit
480 2593 489 2621 ,
503 2557 600 2609 nedum
611 2570 670 2608 tuas

79 2631 113 2682 ln
126 2628 218 2683 animo
231 2631 340 2684 habetet
349 2629 489 2684 vindicare
503 2626 630 2694 injurias,

78 2703 218 2774 Tuamque
235 2705 321 2756 vitam
335 2717 494 2773 protegere:
512 2702 606 2756 verdon
620 2698 699 2755 unice

81 2778 111 2829 ld
131 2777 291 2846 expetebat,
310 2776 410 2829 scilicet
426 2777 543 2844 predam
558 2774 609 2828 sibi

80 2849 229 2903 Occurrere
240 2848 358 2920 aliquam
367 2883 378 2908 ,
388 2850 496 2917 explere
507 2848 559 2918 qud
570 2846 657 2918 poffet
669 2846 784 2905 samemt

80 2920 163 2991 Qudd
172 2921 196 2976 si
207 2921 273 2988 ista,
288 2938 369 2993 quam
386 2937 456 2976 nunc
467 2920 570 2978 sirenue
585 2921 752 3063 dffiiiimr’
