1984 3659
337 196 479 292 382
599 200 1603 269 FAB.AESOP1ARUM

1014 318 1860 392 Δῑὶὶὲ-ὴ--ι--ῌ-Ξο·

525 446 576 515 F
624 447 686 518 A
735 446 790 516 B
843 448 910 517 U
958 446 1119 516 LA
1221 446 1294 517 X
1345 446 1418 517 X
1468 447 1543 518 X
1598 451 1656 520 Ι.

731 590 973 660 Cornix
1009 584 1076 659 δ’
1106 588 1441 661 Columba,

340 338 380 377 ’8

335 699 482 817 Px
501 776 541 814 u
559 775 602 816 υ
620 776 693 815 ιι
707 772 748 814 Α
773 759 950 814 vifflls
973 758 1267 814 Cot-uicum
1284 762 1508 832 urgebat
1523 778 1761 835 gregem
1776 783 1797 823 t

328 837 572 901 Quarum
590 851 695 890 una
714 873 730 899 ‚
772 834 1114 888 sollicitantis
1130 834 1420 903 impatiens
1443 840 1584 907 gulae
1603 876 1623 902 ,

328 908 468 962 Cum
496 911 667 963 nollet
698 907 836 962 ultra
859 925 981 961 cum
1012 908 1284 961 soa-oribus
1308 908 1416 963 suis

327 984 466 1036 Tam
494 983 771 1037 difficulter
802 981 1053 1035 sustinete
1088 981 1334 1051 spiritum
1355 1021 1371 1047 ‚

325 1056 603 1126 Scit-etque
635 1055 886 1125 proxima
909 1055 967 1107 in
993 1056 1368 1108 Columbarum
1400 1056 1569 1110 domo

328 1128 590 1182 Cibotum
622 1127 784 1181 inefi‘e
821 1128 1034 1197 copiam
1055 1167 1071 1192 ‚
1105 1128 1233 1181 illuc
1269 1130 1519 1193 devolat,

321 1201 580 1270 Subitque
602 1239 618 1265 ‚
651 1200 866 1255 noctem
900 1203 1027 1254 dum
1059 1202 1422 1271 crepusculum
1452 1202 1639 1259 trahit.

321 1274 529 1329 Vident
560 1277 836 1329 Columbae
857 1314 875 1341 ‚
906 1292 1015 1329 -nec
1050 1276 1267 1346 abigunt
1296 1294 1309 1328 ε
1355 1290 1465 1328 tam
1489 1276 1709 1333 strenue

317 1348 676 1402 Tubutcinati
703 1349 1029 1403 demirantur
1060 1350 1195 1401 hanc
1228 1348 1440 1419 quidem
1466 1367 1484 1410 ς

321 1425 426 1477 Sed
461 1425 695 1493 aliquam
733 1425 953 1476 credunt
988 1424 1054 1475 de
1089 1423 1185 1475 suo
1216 1438 1407 1492 genere
1439 1422 1751 1494 hospitam,

321 1496 621 1566 sinuntque
639 1532 657 1558 ‚
694 1498 1029 1566 gaudentque
1055 1494 1169 1560 eius
1193 1495 1398 1564 expleti
1418 1496 1639 1553 famem.

317 1569 604 1639 Postquam
625 1571 717 1624 illa
740 1569 905 1624 sensit
937 1569 1165 1639 gutturis
1188 1569 1334 1622 avidi
1364 1570 1545 1623 sinum

321 1643 523 1698 Granis
551 1645 803 1697 refertum
827 1682 842 1709 ,
876 1643 1071 1696 somno
1098 1644 1311 1695 tandem
1335 1642 1390 1695 se
1414 1644 1575 1698 dedit.

321 1715 579 1770 Postridie
595 1753 615 1782 ‚
655 1732 805 1784 ortus
829 1716 954 1769 cum
979 1716 1088 1783 jam
1114 1716 1194 1769 sol
1226 1715 1504 1770 nitesceret
1526 1755 1543 1783 ,

320 1788 597 1858 Evigilat,
628 1791 726 1841 alis
765 1789 966 1857 plaudit
987 1828 1007 1854 ‚
1051 1790 1104 1842 ὅτ.
1135 1790 1508 1859 corpusculum

320 1859 556 1915 Perbelle
584 1876 928 1931 procuratum
961 1864 1228 1934 gratulans
1255 1863 1356 1916 sibi
1376 1903 1393 1928 ‚

322 1934 541 1989 Garrire
564 1973 581 1998 ,
612 1934 875 1989 cornicari
901 1937 1150 2006 protinus
1177 1937 1411 2005 incipitt

319 2014 392 2063 At
424 2010 578 2065 simul
608 2011 678 2062 ad
715 2008 842 2064 istos
868 2011 1026 2064 vocis
1050 2009 1248 2081 ignotae
1283 2012 1448 2065 sonos

317 2085 570 2153 Undique
592 2082 864 2137 Columbae
898 2085 1096 2154 pariter
1118 2101 1307 2138 omnes
1331 2086 1586 2138 advolant
1601 2123 1618 2147 ,

317 2155 793 2226 Improvidamque
814 2158 1036 2229 cingunt
1053 2196 1069 2221 ‚
1103 2158 1387 2227 fraudeque
1408 2158 1622 2228 cogniti
1641 2195 1662 2223 ,

319 2229 523 2284 Rostris
554 2229 850 2284 minacibus
881 2232 1133 2303 abigunt,
1166 2234 1374 2301 pellunt
1410 2230 1573 2285 foras.

318 2300 468 2357 Male
500 2302 678 2355 habita
708 2300 918 2357 Cornix
949 2304 1222 2375 propriam
1258 2307 1322 2359 ad
1351 2320 1561 2376 gentem
1586 2302 1755 2360 redit:

315 2378 424 2431 Sed
450 2391 547 2428 nec
582 2373 658 2428 ibi
695 2376 885 2446 degere
904 2417 920 2441 ‚
948 2392 1011 2431 ut
1041 2393 1193 2431 antea
1214 2416 1230 2442 ‚
1268 2379 1597 2447 permittitur
1621 2397 1637 2438 3

318 2453 404 2505 Sic
431 2465 561 2520 ergo
587 2447 840 2518 utrinque
874 2451 930 2504 se
957 2449 1383 2504 exclusissimam
1421 2452 1589 2505 videt.

390 2526 695 2593 Numquam
725 2522 966 2595 relinque
986 2563 1003 2590 ,
1035 2524 1136 2577 rite
1167 2520 1312 2594 quod
1344 2524 1661 2593 susceperis,

314 2596 552 2662 ,vivendi
572 2596 850 2652 honestum
871 2639 887 2667 ,
915 2599 987 2652 sit
1007 2598 1139 2652 licet
1165 2598 1419 2653 miserum
1441 2637 1456 2664 ‚
1486 2615 1677 2671 genus·

947 2746 1192 2827 M
