1984 3659
169 197 624 278 nummo,
714 188 784 321 exj

29 315 157 387 ietmone
173 327 205 386 in
224 329 368 389 arabicum
386 326 470 406 fuiss'e
479 328 675 401 conversum,
694 327 783 390 testa·

32 422 72 467 tus
88 406 130 468 est
146 407 329 470 Abrahamus
345 409 525 470 Echellensis
537 431 545 471 ι
559 430 615 492 ego
625 411 700 471 verb
712 432 785 471 con·

33 486 127 549 fidum
140 487 270 570 suspicor
281 512 298 551 a
309 489 447 552 Simeoue
458 489 551 553 Setho
567 491 692 632 {raeculo
705 537 714 568 ,
734 493 784 573 qui

32 589 104 631 anno
114 567 242 643 Christi,
258 572 372 634 circiter
386 590 481 647 troo,
499 574 571 634 vive
593 590 631 633 at.
645 572 690 633 lbi
701 574 780 633 certe

34 649 239 724 monachorum
270 654 303 715 &
334 656 521 714 eremitarum
553 654 726 714 creberrima
752 651 786 727 fit

34 733 162 806 mentio;
179 735 309 816 novique
321 732 482 795 testamenti
492 734 626 818 quadam
637 734 794 807 sententiae⁸

34 812 223 883 adhibentur,
239 835 303 894 quae
315 820 415 877 venire
433 817 462 875 in
481 834 612 876 mentem
629 815 788 899 priscorum

36 892 181 969 Arabum,
197 893 374 958 Indorumve
386 918 447 956 non
482 914 627 957 otuerunt.
648 895 788 958 Ceterum

36 994 126 1054 pravo
136 996 170 1034 ac
184 995 401 1058 nonnumquam
413 915 535 1038 badam
554 977 619 1038 stilo
634 998 708 1058 opus
724 999 790 1037 om·

38 1076 72 1115 ne
90 1074 256 1139 pertextum
278 1057 339 1120 est:
361 1057 480 1119 fabellas
502 1076 601 1119 tamen
626 1058 690 1119 satis
710 1057 789 1120 rede

37 1141 214 1219 compositas
232 1157 312 1212 tres,
334 1156 495 1219 quatuorve
512 1143 652 1201 continet.
674 1140 789 1213 Liber,

40 1221 86 1302 qni
101 1218 152 1279 sub
172 1218 270 1300 Piipaei
290 1220 352 1279 indi
371 1223 491 1282 nornine
511 1219 733 1294 circumfertur,
754 1221 792 1282 ab

39 1297 90 1399 isto
104 1301 225 1361 minime
244 1297 394 1382 discrepat

81 1461 178 1526 VIII.
204 1462 267 1525 Sub
291 1479 431 1525 snucsr
464 1461 645 1525 Crnrcsr
672 1463 799 1525 nomine*

41 1545 182 1686 anologos
200 1545 328 1608 morales
353 1545 446 1606 edidit
464 1545 608 1607 Balthasar
632 1543 793 1607 Corderius

69 1648 162 1700 sennae
183 1626 325 1698 Austriae,
344 1647 421 1688 auno
438 1625 524 1709 1630.
538 1626 607 1688 Nun
630 1647 695 1687 uam
706 1627 793 1700 illos,

42 1709 163 1769 riisihoc
185 1707 249 1790 ipso
271 1709 362 1768 latino
380 1708 532 1783 sermone,
550 1648 635 1789 plaid
651 1707 795 1781 barbaro,

43 1792 92 1871 qui
103 1790 277 1862 exhibetur,
294 1788 415 1870 scriptos
429 1787 510 1850 fuisse
523 1788 664 1850 existimo.
683 1788 802 1849 Audor'

42 1891 147 1931 eorum
169 1872 216 1930 ine
239 1887 283 1930 rus
301 1890 362 1929 non
384 1868 482 1930 vixiffe
506 1871 560 1930 nisi
583 1869 649 1953 post
667 1868 796 1932 seculum

41 1952 191 2013 decimum
206 1893 361 2014 dcundum
373 1951 501 2014 videtur.
798 1956 803 1964 “

85 2113 150 2175 ΙΧ.
172 2113 390 2177 Anonrraus
415 2111 451 2172 ab
470 2110 568 2173 isaaco
591 2111 717 2173 Nicolao
737 2111 799 2173 Ne·

44 2196 148 2258 veleto
165 2195 220 2258 uni
232 2215 297 2256 cum
313 2193 445 2278 AEsopo,
462 2193 633 2276 Aphthonio
642 2205 660 2267 ‚'
672 2192 802 2270 Gabrid,'‘

42 2276 198 2351 Pbaedro,
227 2277 372 2352 Avieno,
401 2275 616 2358 Laurentioque
644 2274 805 2336 Abstemio‘

45 2360 139 2420 editus
169 2358 349 2421 Francofurri
376 2378 452 2418 anno
481 2355 582 2430 1610,
605 2354 663 2437 jam
690 2373 800 2430 antea,

45 2460 100 2501 nec
119 2439 233 2514 semel,
253 2456 282 2500 at
297 2439 517 2499 mendosissime
542 2438 698 2519 prodierat.
725 2436 800 2497 Scri·

46 2539 115 2620 pror
133 2520 176 2582 est
196 2523 361 2581 incursione
376 2521 535 2580 verborum
550 2540 583 2580 ac
598 2515 801 2579 sententiarum

46 2604 217 2685 rmportunir
229 2602 362 2663 horridus
374 2602 558 2674 ,dicacitatis
576 2616 714 2681 appetens
723 2642 735 2670 ‚
756 2600 802 2657 in·

48 2687 192 2765 eptiarum
210 2684 372 2767 prodigus,
395 2682 548 2763 aliquando
566 2699 661 2740 tamen
683 2678 803 2757 ridicule

48 2764 183 2841 facetus,
198 2786 232 2824 ac
243 2761 520 2847 propeingeniosus.
534 2761 594 2822 Alii
607 2759 713 2821 diiiurn
724 2761 805 2822 hunc*

47 2849 169 2910 nomine
182 2845 362 2922 Romulum,¹
380 2846 428 2906 aiii
442 2860 579 2908 vocatum
595 2840 752 2917 Salonem,
769 2845 822 2909 δι’
