1984 3659
154 218 228 302 '310
278 198 395 277 Fan.
424 201 791 278 AEsotranvm

152 328 268 382 Honore
280 343 377 398 pugna
392 342 446 380 tarn
460 327 588 396 pusillum
601 328 628 380 ἃ
643 326 794 397 imparemr

153 403 257 455 Tamen
274 399 545 471 aliquando'ptopiits
559 401 699 455 instantem
709 404 807 459 videns
821 445 832 472 ,

152 474 186 526 Et
201 474 423 544 persequentem
440 475 609 545 sentiensque
622 475 704 529 etiarn
717 476 783 531 feris

152 547 317 618 Rabidisque
334 547 465 602 morsibus
479 549 626 602 enitentem
639 552 755 618 laedere,

152 622 291 691 Concepit
305 621 357 676 irat
366 661 375 687 ‚
385 623 418 688 ‚bt
436 621 578 693 inopinatd
592 624 713 689 irruens,

151 694 274 764 Arripuit
288 694 344 764 ejus
360 694 490 750 auriculas
507 711 536 748 ac
547 696 671 758 discidit·,

150 768 345 839 Flentemque,
358 766 479 839 rotisque
495 769 639 836 ejulantem
658 770 781 837 viribus,

150 842 233 895 Suam
249 842 352 896 remisit
367 845 485 897 nobilem
499 846 531 897 ad
545 844 741 900 mulierculam.

184 916 208 970 F
209 917 292 970 abella
305 918 444 987 quoddam·
454 935 537 987 genus
551 920 735 973 homullorrrm
747 933 876 988 procax,

147 985 322 1045 Potentiores
341 1008 374 1044 ne
388 991 512 1058 laceffat,
529 995 666 1048 admonet.

234 1116 814 1176 &Q

278 1235 576 1312 FABULA
625 1237 773 1311 XVI.

341 1382 458 1478 Musca
480 1377 514 1454 ὃ
533 1384 703 1454 Caecubus.

154 1486 299 1614 Canas
316 1556 441 1609 refertum
454 1553 599 1622 iurulentir
620 1554 769 1611 caccabum
790 1583 793 1588 ·

148 1626 367 1684 circumvolabat
383 1629 492 1694 Musca,
505 1629 618 1700 pingues
634 1630 732 1684 halitus

140 1702 266 1769 Secuta:
285 1703 391 1758 facileln
408 1700 503 1772 quatit
519 1705 642 1772 epulandi
656 1703 749 1765 viamt

151 1774 184 1827 Et
200 1775 246 1828 via
263 1776 287 1830 si
301 1776 386 1830 facilis
404 1776 457 1844 ipsi
476 1779 550 1830 nulla
566 1778 703 1847 suppetat,

149 1847 265 1903 Tentare
280 1848 367 1903 statuit
382 1848 465 1903 etiam
480 1849 678 1907 difficillimam
699 1870 701 1874 ·

149 1921 221 1976 Nam
236 1922 307 1977 ratio
326 1922 401 1996 cogit
413 1924 606 1993 imperiosior,
623 1927 715 1980 sames,

150 1998 318 2052 Commodus
335 1998 440 2063 hiabat,
457 1998 608 2053 discedente
620 2002 766 2069 operculo,
788 1999 790 2003 ’

151 2071 263 2126 Aditur:
279 2062 481 2143 hic¹permeare
499 2074 531 2125 ad
547 2088 655 2142 optatos
672 2074 748 2129 cibos

149 2143 240 2198 Potest
253 2145 400 2207 facillime3
416 2161 444 2199 at
457 2148 593 2201 remeandi
608 2147 776 2217 postmodam

149 2216 192 2268 Ne
207 2215 259 2269 sibi
274 2220 385 2273 facultas
405 2223 478 2273 nulh
492 2220 549 2287 tit,
569 2224 646 2274 valde
666 2221 755 2277 timet.

119 2302 121 2311 ·
149 2288 251 2342 Invitat
266 2291 344 2353 esca,
363 2293 466 2346 territat
483 2293 654 2363 periculum:

150 2362 185 2416 At
200 2361 287 2416 inedia
302 2378 391 2417 tamen
409 2370 545 2422 excruciat
560 2369 708 2422 famelicam

151 2435 263 2492 lntereai.
280 2437 353 2504 Quid
368 2439 451 2509 agat?
464 2440 525 2494 Esto
538 2460 547 2502 ;
560 2459 649 2507 mors,
662 2440 769 2513 inquit,
785 2441 854 2496 milti

152 2509 243 2565 Parata
248 2510 285 2580 'in
297 2510 349 2567 isto
360 2515 539 2581 pulmentario
554 2518 666 2569 excubet
681 2536 689 2572 r

150 2585 213 2637 Non
227 2584 266 2639 ita
282 2586 388 2642 videtur
404 2586 456 2640 effe
472 2588 668 2656 formidabilis,

149 2657 187 2710 Ut
205 2659 285 2715 altera
300 2659 365 2725 illa,
381 2677 441 2729 <roe
450 2679 499 2717 me
514 2663 656 2718 conticeret
672 2665 752 2719 fame.

148 2729 178 2782 Si
191 2732 305 2803 denique
321 2734 391 2788 moti
405 2753 449 2790 me
462 2735 564 2791 neceffe
574 2737 629 2802 est,
648 2739 714 2792 hanc
727 2742 796 2793 volo

148 2801 251 2872 Eligere
261 2822 394 2873 mortem,
414 2827 473 2879 quae
487 2827 531 2863 me
551 2811 691 2866 saturatam
709 2815 854 2882 opprimat.

148 2875 206 2933 Nec
221 2890 277 2934 tam
290 2882 441 2952 periculosa
457 2883 546 2954 fortd,
566 2884 646 2957 quam
656 2902 752 2956 puter,
