1984 3659
135 263 297 336 arrei
329 283 690 341 ovonacrnwr.
742 288 808 363 291

61 389 137 443 Dum
154 387 195 444 sic
210 387 329 442 misellus
343 387 444 460 garrit,
463 389 490 442 &
506 390 533 442 se
548 390 661 458 decipit,

63 464 157 517 Homo
175 464 221 518 ille
237 462 355 534 placidus
374 462 472 516 missili
490 463 561 516 hunc
578 465 689 532 plumbo
700 471 786 517 necat.

98 535 220 607 Saepius,
237 536 283 591 uhi
294 535 386 591 omnia
400 551 456 590 tuta
467 536 528 589 sunt
539 575 549 601 ,
562 537 686 590 homines
702 538 812 601 timent,

62 611 96 664 Et
111 612 139 665 se
152 651 160 678 ,
176 611 222 666 ubi
235 610 353 665 timenda
367 611 427 664 sunt
441 609 549 675 omnia,
562 625 638 665 tutos
649 625 752 680 putant.

152 716 728 795 βψ)
805 774 813 785 t

152 857 436 932 ⁴FABULA
485 857 738 950 xxvuu‘

267 1006 367 1072 sun
390 954 619 1099 &Agricolas
722 984 726 995 '

60 1115 131 1234 ἶκ
143 1178 217 1230 valle
232 1190 350 1246 aquosa,
366 1174 399 1227 ad
411 1174 547 1228 humidam
562 1175 745 1249 pinguissima

61 1251 170 1306 Paludis
186 1261 261 1303 otant
273 1287 281 1313 ‚
295 1250 381 1303 adulta
393 1251 519 1302 vernabat
531 1250 614 1303 Salix.

60 1325 155 1389 Hinc,
173 1323 204 1377 in
220 1323 376 1392 propinquo
393 1337 486 1376 monte
502 1321 582 1391 pinus
601 1320 719 1381 coitsitas
776 1348 779 1354 ·

61 1396 234 1468 suspiciens,
250 1397 311 1450 cium
323 1395 428 1449 videret
441 1396 473 1448 ad
484 1399 578 1449 caelum
594 1397 662 1469 erigi

63 1471 220 1525 Vorticibus
237 1470 298 1523 altis
314 1470 393 1522 ardua
408 1468 478 1522 inter
492 1470 601 1536 nubila,

64 1544 119 1599 llis
134 1543 255 1599 invidere
267 1543 372 1612 coepit,
394 1543 420 1597 δι
436 1544 536 1597 sortem
554 1543 628 1597 suam

62 1619 230 1688 Despicere3
250 1618 364 1689 cumque
380 1617 504 1688 pauperis
518 1621 605 1671 cultor
617 1618 673 1672 loci

62 1692 127 1747 Huc
141 1691 310 1756 accessisset,
328 1691 415 1762 ipsum
430 1690 526 1745 amaris
547 1692 679 1762 questibus

65 1767 198 1837 incessite
214 1766 244 1819 in
256 1766 324 1820 ease
340 1769 465 1836 languere
480 1763 533 1833 iam
545 1766 592 1820 diu

65 1839 165 1904 Tristi,
181 1838 306 1894 insalubri
320 1841 409 1895 valler
426 1838 584 1895 morituram
604 1841 698 1906 brevi,

66 1914 104 1968 Ni
116 1914 213 1978 ciricis,
230 1931 266 1967 ex
278 1915 332 1966 hoc
344 1913 455 1967 humido
472 1928 568 1981 praeter
581 1918 689 1968 modum
701 1954 711 1980 ,

64 1988 208 2057 Nimisque
222 1986 335 2057 frigente
352 1987 433 2051 solo,
450 1985 480 2038 in
493 2002 614 2039 montem
632 1990 781 2045 transferat.

64 2062 193 2132 Agricola
204 2060 307 2124 stultis,
321 2058 500 2126 stultuoiple,
515 2058 603 2128 paruit

67 2135 211 2194 Precibus;
226 2136 414 2201 valentemque
431 2129 514 2198 licit,
528 2132 645 2186 avulsam
661 2134 721 2188 solo

66 2207 173 2271 Natali,
194 2207 223 2262 in
241 2210 324 2261 altum
337 2204 468 2259 ¹transtulit
480 2205 582 2273 montis
594 2204 697 2278 jugum.

67 2282 227 2351 Triumphat
241 2281 312 2345 illa,
333 2280 359 2333 se
373 2297 460 2333 carere
475 2277 530 2347 jana
546 2280 619 2349 putri

66 2356 207 2416 Humore,
228 2371 278 2408 nec
294 2354 424 2409 bufonum
440 2353 560 2407 sordibus
572 2353 666 2421 infici,

68 2433 128 2485 Nec
142 2431 210 2484 affici
226 2445 349 2483 ranarum
363 2428 548 2482 contumeliis.
658 2484 661 2488 ,

68 2502 212 2573 Aquilonis
230 2518 319 2556 autem
336 2501 448 2571 impulsa
464 2502 553 2570 primo
567 2501 675 2556 flamine
820 2544 822 2547 .
896 2524 898 2527 ·

67 2576 223 2641 Deiicitur‚
241 2578 268 2630 δι
279 2594 327 2645 per
339 2577 401 2630 saxa
414 2575 582 2646 praecipitans
594 2577 656 2631 ruit.
778 2583 781 2588 '

107 2650 209 2702 Fabella
223 2665 377 2704 commonet
391 2649 488 2703 humili
502 2665 580 2704 natos
596 2653 676 2714 loco,
779 2692 781 2696 f

69 2724 112 2779 Aa
127 2723 195 2793 celia
212 2723 289 2803 nense
307 2722 423 2777 culmina
438 2737 533 2793 optent
550 2723 639 2778 evehi.

602 2950 665 3019 uu
746 3030 749 3035 Q
