1984 3659
285 167 651 239 Sautsurm
779 183 851 261 409

83 283 163 353 Saepe
175 281 243 340 illud
253 287 378 343 homines
388 328 396 353 ,
408 288 589 344 sufferendum
602 290 675 358 quod
688 288 776 355 foret,

85 358 215 415 Minuete
225 359 303 416 stulte
312 364 375 416 dum
384 365 497 428 volunt,
505 380 603 434 augent
612 364 746 417 malunt.
757 380 782 431 5,
788 361 813 429 fi
825 378 850 417 2.

82 457 248 526 Sapejuvar
256 459 291 525 id,
299 461 599 531 quodimpedirnenrunr
604 476 691 531 putes.
700 462 719 516 l.
729 477 762 513 ro
771 500 778 527 ,
786 460 811 526 f.
824 462 851 514 8.

82 555 192 621 Saepins
204 557 251 609 ubi
261 559 353 611 omnia
363 574 420 613 tuta
429 560 504 624 sunt,
515 560 640 614 homines
648 559 760 618 timeon

83 634 117 685 Et
124 628 152 682 se
160 667 168 693 ,
176 629 346 685 ubitirnenda
355 634 416 686 sunt
424 634 526 700 omnia,
537 649 611 688 tutos
618 648 722 703 putant.
731 633 749 683 l.
762 648 809 697 12,
815 632 839 698 f
851 645 893 693 27.

84 725 177 779 Sarius
185 727 300 799 anticum
306 730 403 784 habere
410 732 529 790 nullum,
539 730 618 800 quint
624 733 722 786 levem.
728 731 748 785 l.
759 746 807 795 12,
810 730 834 796 f.
846 749 888 786 20.

85 823 248 878 Scholarum
260 825 289 879 in
298 830 390 880 umbra
400 826 446 897 qui
455 829 542 881 latens
552 828 654 896 placuit
663 828 730 891 sibi,

84 897 219 953 Placuisse
226 900 305 953 stulto
312 901 509 970 claraluxsaepe
518 904 588 954 hunc
596 904 699 971 probat.
708 902 726 952 l.
736 915 748 967 3
758 940 765 965 ‚
772 901 797 968 fl
809 914 852 969 13.

92 995 236 1063 Scrutare,
247 997 312 1067 quid
322 999 390 1053 velit
399 999 482 1054 hostis
493 1020 500 1054 :
513 1017 569 1053 non
578 1000 615 1053 ibi
623 999 770 1054 maximum
787 1059 789 1063 ,

89 1070 222 1139 Semper,
231 1072 276 1124 ubi
285 1071 407 1127 maximi
415 1073 683 1144 eminetpericulum.
694 1076 713 1130 l.
726 1090 772 1135 12,
775 1072 798 1139 fi
806 1075 833 1129 6.

89 1166 160 1224 Sero
169 1183 294 1238 parantur
301 1187 391 1233 arma.
404 1169 464 1226 ciun
475 1171 559 1225 hostis
569 1172 679 1242 ingruit.
687 1174 706 1224 l.
717 1186 747 1238 3,
752 1172 776 1237 f.
787 1190 830 1241 3¹·

87 1266 222 1335 Serpens,
232 1267 381 1337 serpentem
388 1267 441 1322 nisi
449 1282 547 1326 voret,
558 1267 652 1321 nonfit
660 1270 749 1323 draco.
758 1269 776 1321 l.
788 1269 854 1332 10ss-
863 1289 888 1335 ι).

86 1362 508 1430 Servdffesurnntos,humilibus
516 1365 650 1435 piaculum
659 1364 704 1419 est.
714 1367 733 1419 l.
745 1365 795 1430 t‚f.
806 1384 851 1418 21.
907 1368 914 1381 '

87 1459 148 1514 Sibi
157 1460 214 1530 ipsa
229 1448 454 1533 semperauiditas
465 1463 547 1516 nimia
558 1462 650 1517 officit.
660 1464 679 1516 l.
692 1479 703 1513 r
714 1462 751 1527 ,fi
767 1463 810 1515 26.
839 1507 848 1524 ,

89 1548 149 1614 Sibi
159 1559 216 1629 ipsa
225 1561 328 1630 semper
341 1579 408 1615 vana
418 1561 566 1631 loquacitas
575 1576 663 1614 nocet.
679 1561 697 1613 l.
711 1576 721 1627 3
733 1562 776 1625 ,f.
790 1576 800 1611 1
807 1573 846 1626 3„

89 1656 120 1709 si
143 1674 206 1710 cunr
226 1674 342 1728 potente.
358 1661 483 1712 damnum
498 1659 708 1727 expostulaverit

88 1730 212 1792 Tenuis,
225 1733 306 1785 abibit
317 1734 413 1801 saepius
422 1734 472 1786 vix
481 1733 622 1786 innocens.
635 1733 653 1784 l.
668 1749 695 1799 ¹5
707 1770 715 1791 ,
725 1731 749 1797 fi
762 1735 806 1800 38.
845 1803 848 1808 ι
909 1761 911 1766 ·

88 1825 117 1880 Si
130 1828 236 1883 tantum
248 1828 374 1898 ineptus,
393 1848 442 1884 nec
453 1833 533 1884 etiam
545 1832 624 1884 fuerit
637 1835 721 1883 malus
735 1870 743 1894 ‚

86 1901 178 1955 Nihili
188 1903 340 1955 mensurant
351 1902 474 1957 troffulus
484 1919 570 1957 rotatn
581 1906 675 1973 replet.
690 1905 708 1955 l.
721 1919 738 1955 2
750 1939 758 1961 ,
765 1902 793 1966 f.
809 1915 851 1971 33.

87 1999 209 2056 Solertia
220 2000 291 2068 saepe
301 1998 403 2053 virium
412 2002 514 2071 prestat
526 2004 624 2056 vicem.
637 2001 656 2051 l.
666 2015 684 2062 4
693 2037 702 2066 ,
709 1997 734 2063 f.
748 2001 791 2050 18.

88 2097 204 2167 Species
220 2095 311 2148 inanis
328 2097 469 2166 imperitos
486 2099 609 2167 decipit;

87 2170 198 2226 Petitur
209 2169 239 2224 in
251 2187 279 2223 re
288 2168 344 2233 nil,
357 2170 410 2224 nisi
417 2170 500 2240 ipsam
510 2190 583 2231 rem,
595 2170 679 2224 vider.
689 2170 707 2222 1.
716 2185 765 2229 ro,
773 2168 797 2234 fi
808 2169 852 2223 26.

87 2272 158 2337 Spes
170 2267 288 2337 denique
300 2267 389 2319 omnis
404 2267 515 2320 infimos
527 2282 588 2320 runc
600 2268 715 2326 deserit,

86 2346 178 2397 Furor
192 2341 240 2395 ubi
252 2340 382 2394 comitem
396 2340 423 2392 se
439 2340 562 2407 potestati
580 2341 660 2393 dedit.
672 2343 691 2391 l.
706 2357 741 2404 7,
754 2338 816 2403 Μ.
888 2337 898 2356 '

86 2439 181 2493 Stulte
189 2451 364 2507 appetentes,
376 2438 438 2489 dum
449 2437 747 2506 annuit,pleclirDeus.
755 2438 774 2487 l.
783 2438 815 2493 8,
822 2434 847 2498 f.
858 2456 902 2505 23·

83 2535 213 2592 Stultitia
228 2534 359 2588 comitem
374 2534 397 2587 si
414 2535 471 2586 fors
487 2533 668 2601 arrogantiam

85 2609 241 2673 Habuetit,
254 2608 379 2660 homines
388 2623 489 2659 certum
497 2607 528 2657 in
536 2606 650 2656 exitium
659 2603 748 2654 trahit.
760 2604 780 2654 1.
789 2619 807 2665 4
816 2606 850 2669 ,fi
861 2627 887 2676 7,

52 2731 56 2743 ·
85 2708 196 2763 Stultus
207 2704 324 2760 inimico
331 2702 400 2768 saepe
408 2701 509 2753 amicus
517 2703 672 2767 plusnocer.
680 2700 699 2750 l.
711 2714 721 2748 1
731 2697 767 2761 ss·
780 2716 826 2764 24.

81 2807 172 2860 Suam
184 2802 290 2858 dolebit
301 2798 425 2868 languida
437 2794 674 2851 serenissim,

84 2877 238 2931 Laboriosa
251 2873 279 2925 ni
291 2873 416 2938 iuventus
430 2882 572 2939 ptaeeavet.
593 2870 610 2921 l.
625 2884 658 2924 1,
672 2866 696 2929 f.
708 2884 733 2921 2.

660 2950 677 2992 δ
