1984 3659
199 198 243 246 ιι
325 182 443 250 ΕΑΒ.
469 172 826 254 AEsonttnvtt

184 296 324 367 Perspexit
337 300 473 364 animum,
489 299 536 371 qui
549 298 652 353 dolosis
668 301 768 357 artibus

185 372 302 437 Deludi‚
318 375 344 426 ἀ
359 375 392 427 ad
405 373 506 444 flagitia
523 372 609 442 poffer
623 372 694 426 allici

185 440 226 495 Εὸ
240 446 357 511 facilius,
370 445 426 516 quo
445 446 529 519 magis
547 446 663 515 simplex
677 461 743 502 erat.

185 516 257 584 Ergo
275 523 400 573 monebat
413 521 497 589 sape,
515 536 549 572 ne
565 513 732 573 socios'sibi'
911 579 914 584 ,

186 588 292 646 Habere
303 595 406 657 vellet,
424 609 454 646 ut
465 595 578 646 habebat
592 596 694 646 multos
703 589 785 647 nimis
800 597 812 658 ζ

185 666 320 730 Et'hunc,
331 668 357 718 δι
365 666 440 719 illum
451 682 620 729 memorans,
636 666 683 734 qui
691 666 784 735 parilis
792 662 905 737 quidem

185 740 308 803 AEtaris,
324 754 350 792 at
365 756 422 792 non
437 739 528 807 parilis
542 738 704 793 innocentia

186 814 265 866 Flore
279 813 419 867 eniterent.
434 814 533 883 Magna
545 829 606 865 cum
617 811 768 866 reverentia

187 886 313 940 Monitus
326 899 452 955 paternos
463 887 584 939 audiebat
595 885 667 939 filius
681 904 689 940 a

188 958 299 1013 Arenim
310 999 318 1023 ,
331 960 485 1028 inquiebat,
499 974 555 1013 tuta
564 960 655 1013 omnia
667 958 760 1023 times,
773 974 874 1028 paren

95 1047 97 1050 ’
187 1034 296 1100 Eosque
308 1032 397 1096 tert'e,
412 1049 471 1085 cum
481 1034 575 1101 quibus
587 1032 672 1085 credis
682 1032 750 1086 mihi
811 1061 816 1072 v

187 1105 369 1160 Periculosum
383 1104 451 1157 inire
463 1104 699 1171 consuetudinem,

189 1177 279 1245 Quam
296 1193 352 1229 non
368 1193 465 1230 nocere
484 1178 608 1246 possint,
622 1181 692 1232 haud
702 1176 771 1230 nosti
781 1174 869 1233 satiat

189 1251 294 1313 immo,
312 1249 412 1318 aliquid
427 1250 479 1318 ipsi
492 1249 563 1304 fott'e
573 1251 597 1304 si
606 1250 791 1304 contraxerint

188 1322 375 1385 vitiositatis,
390 1323 518 1393 quidquid
530 1324 557 1376 id
573 1324 672 1389 fuerit,
688 1323 757 1376 meis

188 1395 293 1460 Bonis,
311 1396 347 1449 ita
361 1397 454 1467 spero,
469 1398 600 1466 exemplis
611 1397 805 1450 emendabitur.

189 1470 247 1523 Nec
261 1487 293 1523 ea
308 1470 414 1538 quietus
426 1470 524 1538 accipit
533 1486 605 1533 ,mec
618 1472 701 1523 adhuc
717 1484 808 1522 tamen

189 1543 273 1596 Rarus
284 1559 357 1610 pater
371 1543 474 1595 causam
486 1541 538 1596 effe
552 1560 599 1597 cur
611 1543 778 1605 succenseat,

187 1614 313 1669 Praestare
328 1614 417 1667 verbis
434 1618 507 1684 quod
521 1617 633 1685 nequir,
650 1630 735 1672 tentat
747 1616 813 1669 dolo

87 1756 88 1759 Ἴ
189 1688 299 1741 Efficere
314 1686 342 1740 id
357 1688 511 1742 innocente.
526 1688 649 1743 Citiulam
663 1704 756 1759 parat,

194 1760 435 1829 Pulcherrimisque
452 1763 532 1816 Malis
548 1764 635 1816 aureis
652 1765 751 1830 replet,
848 1791 851 1801 ·
882 1790 886 1802 ·

190 1833 253 1887 Nisi
270 1831 342 1901 quod
360 1848 402 1887 tot
415 1834 484 1889 sanis
500 1836 604 1904 aliquot
614 1832 810 1900 intermiscuit,

190 1907 261 1972 Quae
269 1905 355 1976 ¹sparsa
365 1908 476 1961 maculis
490 1909 613 1962 intimam
631 1907 808 1977 praenuntiant

190 1978 411 2047 corruptionem.
431 1982 495 2047 Quo
511 1982 601 2045 faoio,
618 1995 709 2034 natum
720 1994 824 2040 vocat;

189 2054 242 2107 Et:
256 2053 315 2108 Hoc
325 2056 386 2108 leve
398 2093 406 2119 ,
420 2054 525 2126 inquit,
543 2055 640 2125 pignus
652 2055 718 2107 habe
729 2053 828 2107 amoris
838 2051 908 2110 mei.

194 2126 354 2196 laetusque,
374 2129 515 2197 gratusque
531 2127 629 2197 accipit
648 2130 748 2181 donum
759 2144 845 2196 puer;

191 2200 262 2252 Mox
276 2202 302 2252 δι
316 2200 421 2254 sciendi·
432 2202 544 2271 cupidus
557 2240 566 2267 ,
589 2203 683 2255 habeat
696 2218 761 2270 quas
773 2217 839 2269 opes
852 2239 863 2265 ,

191 2274 266 2326 Dum
281 2272 386 2326 curiose
403 2289 543 2341 numerat,
560 2289 639 2344 atque
650 2273 803 2335 examinat,
862 2337 863 2340 Ἴ

190 2343 312 2414 Repente
330 2348 447 2399 clamat:
472 2349 551 2402 Heu!
573 2348 636 2418 quid
653 2346 748 2417 egisti,
768 2346 869 2415 pater?

194 2419 249 2471 Cur
263 2418 394 2472 insincera
408 2419 532 2473 miscuisti
546 2421 589 2473 his
600 2421 733 2490 integris?
843 2429 847 2436 '

191 2494 233 2545 Ne
247 2507 375 2562 querere,
391 2492 447 2547 filit
463 2494 641 2565 integritatem
655 2509 721 2546 mox
730 2492 804 2545 suam

192 2563 437 2620 communicabunt
451 2582 510 2619 tum
527 2568 603 2619 malis
620 2582 678 2634 quae
691 2567 751 2618 sunt
761 2567 842 2618 hona.

193 2638 268 2705 Quin
279 2639 381 2702 immo,
396 2638 501 2703 subjicit
512 2639 574 2704 ille,
589 2655 645 2707 quae
658 2642 726 2692 bona
737 2639 798 2691 sunt
809 2636 917 2704 modo,

191 2710 273 2764 Brevi
289 2714 419 2765 malorum
430 2715 496 2764 maia
508 2712 574 2764 fient
585 2712 719 2782 contagio.

192 2783 238 2835 Nil
253 2798 281 2836 tu
295 2784 377 2849 time,
390 2786 515 2853 inquam,
529 2798 607 2843 natea
623 2787 668 2837 vel
680 2787 733 2838 hoe
749 2782 816 2837 mitti
826 2785 943 2858 denique

192 2856 337 2928 Concede,
353 2859 558 2929 urexperiamur
567 2873 647 2932 quota
658 2875 701 2917 res
712 2858 817 2926 exiam

986 2957 988 3064 i

986 3149 988 3234 t
