1984 3659
152 219 223 299 280
271 197 781 297 FAuAEso’rrAuom

145 344 193 399 illa
205 344 373 416 ingemiscit
391 348 538 419 lacrymatt
553 365 620 401 mox
630 349 773 415 irascitur
813 344 815 349 ’

147 420 365 491 Stultissimoque
385 437 476 475 amore
493 422 618 476 vindiciae
637 423 748 489 furens,

148 493 237 546 Nimis
252 492 331 548 fidele
345 497 486 565 Speculum
501 495 628 566 effringit.
643 496 707 563 Quia
718 505 832 561 tamen,

147 565 213 634 Qui>
224 567 359 638 denique
351 567 402 637 rpti
413 586 455 623 tes
471 569 558 623 redit.
551 572 564 609 >
580 571 721 624 innumera
733 571 846 640 quidem

148 641 306 712 Fragmenta
319 642 425 711 speculi
443 659 491 711 per
506 641 692 711 pavimentum
711 645 815 710 jaceott

149 714 202 767 Sed
216 715 271 784 ipsa
282 715 394 770 totidem
405 716 510 786 specula
525 716 602 780 sunt,
618 733 676 786 quae
690 717 795 788 singula

150 786 291 853 Obiiciuut
307 789 443 852 domine,
465 788 657 858 turpitudinem
673 791 755 845 suam.

167 862 352 917 Abscoudere
363 827 488 916 homines
499 862 566 916 vitia
579 865 699 932 quadam
711 866 774 917 dum
786 866 906 934 uolunt,

150 935 187 991 Ea
202 926 384 1006 stupefaciunt
400 933 496 989 claritis
512 952 542 988 ut
559 952 712 1006 appareant.

238 1062 814 1120 emme-:u

279 1183 578 1255 FABULA
627 1184 771 1256 XIV.

417 1328 530 1398 Rivali
551 1328 630 1398 duo
699 1372 701 1377 .

152 1439 223 1557 Iu
243 1500 381 1575 geminum
394 1499 482 1554 abibat
491 1501 552 1554 fons
562 1499 687 1570 perennis
698 1500 806 1558 rivum:

152 1577 230 1631 Unus
246 1579 278 1629 ad
296 1591 418 1629 amoenos
434 1577 529 1628 hortos
546 1575 607 1627 crim
626 1577 814 1644 pertenderet,

150 1649 348 1704 Procliviorem
365 1648 395 1701 in
412 1651 521 1702 alveum
536 1647 660 1701 deducitis
677 1649 714 1702 est

155 1725 226 1776 Cum
241 1724 345 1776 honore
362 1736 477 1791 magum
490 1721 622 1790 plumbeis
639 1722 719 1775 etiam
735 1724 806 1779 tubis

151 1795 194 1848 Est
212 1795 421 1863 circumseptus,
436 1808 467 1847 ut
484 1795 574 1848 saliret
591 1796 734 1850 commodi
749 1837 758 1862 ,

151 1869 337 1939 Lymphisque
352 1868 471 1922 recidens
485 1869 618 1932 arcuatis,
639 1869 763 1923 omnium

154 1944 295 1997 Rectearet
311 1944 416 1996 oculos.
433 1943 508 1995 Alter
522 1943 631 1996 humilis
642 1942 752 1997 iuterim

153 2017 280 2082 Latebat,
297 2017 325 2070 δι
342 2015 480 2069 fruticibus
495 2014 585 2069 densis
601 2016 705 2071 obsitus

152 2092 280 2155 Fluebat,
298 2088 385 2161 aegri:
402 2090 489 2143 subter
503 2088 609 2173 illapsis
625 2104 716 2144 tamen

153 2165 274 2216 Humum
291 2163 445 2238 fecundabat
465 2162 565 2231 aquis·
583 2178 610 2216 at
623 2163 695 2233 grati
716 2162 782 2218 licit

152 2236 264 2306 Uirgine
274 2236 373 2301 fabam
385 2225 560 2301 cichoreum
568 2235 718 2301 cucumim,
734 2238 845 2302 blitum,

154 2309 330 2379 Porrumque,
337 2310 534 2378 lapathumque,
543 2311 750 2380 raphanumque,
760 2309 910 2368 &brassica

152 2382 280 2446 Satiaret,
294 2382 467 2451 optimosque
483 2383 617 2435 succos
592 2400 731 2455 gigneret,

153 2457 233 2511 Hunc
248 2455 381 2510 deserebat
395 2455 489 2509 merita
503 2457 561 2509 la'us
575 2458 731 2528 inglorium.

190 2532 265 2584 Dum
277 2547 409 2611 pompae
400 2530 486 2582 inanis
503 2529 600 2582 artilex
618 2531 781 2599 extollitur,
879 2544 889 2563 ·

152 2604 225 2662 iacet
241 2603 360 2659 miserias
379 2591 448 2662 iiitet
463 2602 538 2657 utilis
554 2602 635 2662 faber.

507 2771 551 2852 itit.
