1984 3659
225 279 251 357 '4
349 268 465 341 Fra.
495 267 862 341 AEsomrtvrt

225 389 458 462 Pauxillulumque
477 388 567 461 pabuli
581 393 757 460 decerperem.

262 464 322 517 Vix
332 481 383 526 ea;
403 464 516 534 repenti
533 466 562 517 in
576 465 710 519 infelicem
723 463 833 521 bestiam

225 538 267 591 Ab
280 537 408 591 universo
424 555 497 591 coetu
514 540 616 591 clamor
630 538 753 592 tollitur:

225 610 319 665 Pereat
333 610 472 675 scelestus,
491 612 568 664 causa
584 611 736 666 communis
753 610 838 677 mali,

223 685 345 747 Asinus,
366 683 472 737 nefandi
485 699 575 752 pereat
593 685 686 738 auiior
700 683 832 737 criminis.

223 722 490 811 Sacrificidiberbam
503 760 661 812 comedere!
679 757 804 824 quidhoc
814 755 869 821 est
880 752 936 814 nisi

222 830 376 895 Horribile‚
392 829 513 898 jundum
523 830 747 915 cumsacrilegio
763 794 870 886 seclusi
946 841 948 846 '

223 905 297 958 Hinc
313 921 365 958 nos
380 903 509 957 videlicet
525 904 598 957 hisce
613 904 729 957 cladibus
745 902 845 972 premit

222 976 366 1031 Caelestis
358 994 416 1033 ira.
432 979 540 1031 Numen
556 994 621 1048 ergo
635 976 724 1030 debiti

223 1050 322 1105 Statim
334 1049 458 1117 expietur
469 1049 559 1118 impiae
575 1049 686 1117 pecudis
702 1066 776 1105 nece.

222 1123 317 1175 Diram
332 1124 400 1175 hanc
413 1121 523 1191 iniquus
541 1123 598 1190 ipse
609 1123 670 1174 Rex
680 1121 837 1176 sententiam

221 1196 288 1248 Non
306 1193 437 1247 erubescit
448 1195 642 1264 comprobare,
660 1212 832 1260 necatura,

221 1264 305 1323 Foede
320 1266 513 1320 immolandam
527 1269 607 1321 tradit
620 1269 732 1322 hostiam
750 1270 827 1338 lupo

260 1338 445 1394 Pefl'umdari
438 1357 553 1409 inopes,
574 1341 620 1394 ubi
633 1341 786 1410 potentium
802 1339 929 1405 interest}

221 1411 335 1471 facile
327 1431 356 1468 ιιι
366 1430 448 1486 grave
463 1415 548 1467 scelus
564 1418 642 1483 culpa
653 1429 770 1468 mutatur
780 1414 862 1471 levis.

309 1537 885 1597 *ἕψε-εει·

390 1678 417 1748 F
441 1680 474 1749 A
497 1679 524 1748 Β
549 1677 584 1748 U
607 1678 692 1747 L'A
741 1679 808 1751 ΙΙ.

424 1823 571 1893 Formica
591 1818 626 1892 δ·
645 1821 777 1892 Cicada.

220 1932 419 2051 Patruus
431 1993 532 2049 laboris
539 2009 638 2065 ‚grana
648 1993 711 2046 dunt
723 1990 820 2048 messis
830 1995 924 2063 daret,

220 2070 303 2139 Opus
319 2069 441 2127 Formica
454 2069 571 2131 iecerat
586 2066 684 2120 hiemis
702 2083 829 2128 memot;

220 2144 389 2214 Frugemque
399 2141 531 2197 multam
523 2158 553 2193 ιιι
561 2106 688 2194 itotteunt
696 2138 880 2213 congefferate

220 2215 322 2270 Cicada
336 2230 412 2269 totos
428 2215 537 2268 interim
552 2214 609 2268 dies
626 2213 719 2278 sonis

218 2288 298 2342 Male
313 2287 418 2352 otiosa,
433 2286 547 2341 stridulis
560 2286 721 2350 indulserat

218 2361 269 2417 Nil
280 2361 427 2430 providens
438 2360 503 2431 quid
512 2360 606 2414 deinde
620 2371 763 2413 venturum
774 2360 858 2417 foret

221 2434 310 2489 Venit
319 2435 416 2489 hiems.
435 2435 508 2487 Mox
518 2433 621 2488 misella
632 2433 801 2487 contrabitur
812 2435 898 2508 gelriav

219 2508 405 2594 intelligitque
417 2509 443 2561 se
459 2506 511 2561 effe
523 2506 667 2576 perituram
681 2507 770 2570 same,
851 2520 855 2524 ’

220 2581 253 2637 Si
267 2598 324 2636 non
337 2581 391 2635 cibi
401 2580 503 2651 aliquid
516 2580 664 2632 undeunde
678 2578 867 2637 extricaverit.

219 2654 345 2709 Formica
360 2668 447 2707 tutum
462 2654 489 2705 se
490 2666 639 2726 receperat
654 2652 685 2705 in
697 2669 811 2717 cavum,

221 2726 330 2794 Opibus
347 2727 444 2796 paratis
457 2719 511 2789 jam
527 2725 626 2778 fruens.
646 2726 722 2779 Hanc
735 2725 868 2779 convenit
971 2787 973 2800 4

221 2799 321 2853 creada
330 2801 461 2872 supplex
475 2799 542 2859 Fer,
558 2797 612 2861 air
629 2797 780 2862 auxilium,
797 2801 913 2862 obona,'

221 2867 328 2939 Egeuti'.
345 2874 381 2935 At
401 2871 466 2926 illa·
482 2836 557 2939 Quid
573 2872 674 2940 agebas
677 2886 766 2924 autem
778 2872 926 2944 ,hasupcs

221 2943 299 3008 Dum
311 2944 489 3020 colligebant
505 2943 652 3006 cantabant
665 2943 803 3008 videlicet.

970 2907 971 2928 ι

969 2937 971 2972 i
