1984 3659
203 178 375 247 Lreaa
408 194 673 270 Patmos.·

30 299 89 354 Sed
101 269 205 366 eriam,
220 298 293 370 quod
303 301 342 355 sic
350 314 412 354 nata
423 300 475 354 sim
490 300 579 365 ,mihi
588 303 728 372 gratulor‚'

30 369 154 463 Quippe
169 374 256 444 magis
271 374 401 459 etpeditae
412 394 425 459 οι
447 388 473 427 at
491 391 583 458 ocreas
598 375 648 428 tibi

32 448 126 511 Quod
144 448 199 501 fata
216 449 355 513 dederint,
375 449 439 516 quid
453 464 484 502 ea
497 447 579 513 Jablas
590 449 716 502 munera?

34 519 144 573 Vincla
160 509 332 589 ess'e'potiirs,
351 519 431 591 quam
442 535 615 587 ornamenta,
632 522 764 576 dixerim:

33 592 155 646 Etenim
167 593 290 662 experire
303 610 312 654 3
325 610 382 647 non
393 592 476 647 modd
491 593 561 647 nihil
577 593 721 661 adjuvent,

36 666 97 719 Sed
115 665 202 720 eriam
214 666 380 735 impediant,
397 683 431 720 ne
446 666 510 720 satis
526 666 604 723 facile
618 669 747 727 ambules.

35 738 95 790 His
116 740 236 794 excitata
249 740 359 805 verbis,
372 756 388 793 a
404 739 431 792 se
446 739 579 810 plumiper

36 811 112 865 Ova
130 812 255 866 incubari
271 830 328 866 non
345 813 487 867 meminit:
505 814 573 867 urse
586 815 683 883 probet

36 883 123 938 Pofl'e
138 886 273 940 ambulate
285 886 446 953 commode,
464 886 530 940 nido
540 888 633 942 exsilit

36 959 175 1027 Repente
187 998 195 1023 ,
219 961 246 1013 δι
257 960 345 1015 ocreis
353 960 434 1014 simul
445 959 619 1014 inherentem
631 960 686 1014 suis

38 1033 129 1101 Spem
147 1032 250 1086 sobolis
267 1033 353 1103 rapit,
371 1034 398 1086 δι
408 1033 489 1087 inscia
500 1032 581 1087 illidit
589 1035 659 1088 solo.

38 1104 138 1158 Vestis
153 1105 261 1158 luxurii
276 1107 421 1177 gloriantes
435 1106 534 1159 indicat

38 1178 153 1233 Fabella
163 1179 260 1248 'plures
276 1196 353 1234 ruere
368 1181 398 1233 in
412 1179 528 1235 exitium
539 1195 631 1250 grave.

133 1307 706 1381 4==..-'··⁸...meu-...==-..r

207 1423 529 1534 strauit
582 1459 630 1532 x.

381 1625 479 1715 Capo.

47 1730 124 1849 H
134 1805 290 1848 annana
309 1792 406 1865 aliquis
417 1792 576 1865 caponem,
595 1792 758 1850 chortalibur

45 1868 108 1923 Prae
126 1867 225 1921 ceteris
239 1867 345 1920 alitibus
359 1866 485 1922 diletlurr
505 1867 557 1920 sibi
571 1884 580 1929 ;

44 1942 88 1995 Ita
103 1955 157 2001 ut,
172 1957 321 2010 pennarum
337 1942 412 1994 nullo
427 1940 601 2008 conspicuum
615 1939 682 1995 licit

44 2014 167 2078 Nitore‚
182 2016 322 2083 pulchrum
330 2012 467 2067 hunereffe
480 2028 569 2068 totum
581 2014 717 2068 crederet:

46 2086 128 2141 Adeo
140 2086 179 2140 est
195 2101 331 2142 amantum
351 2102 421 2139 caeca
438 2086 585 2139 deliratio!

46 2160 200 2230 Etiamque
215 2159 301 2212 tintlu
315 2159 423 2212 fasciam
439 2158 573 2229 insignem
589 2158 670 2212 rubro

46 2234 90 2286 Ad
108 2232 169 2298 eius
188 2234 289 2286 collum
304 2231 398 2285 stultus
415 2232 580 2302 alligaverat.

48 2306 160 2364 Ornatu
175 2306 220 2359 bic
235 2320 323 2358 autem
341 2304 459 2375 glorians
474 2321 568 2369 novo,
584 2303 699 2359 additam

49 2379 111 2432 Sibi
124 2393 203 2448 putat
216 2377 269 2431 effe
283 2378 378 2430 miram
390 2377 613 2446 pulchritudinem
626 2396 635 2432 r

49 2452 124 2521 Ergo
136 2451 262 2504 celeriter
278 2450 334 2503 sese
345 2451 448 2504 confert
463 2453 497 2505 ad
512 2452 586 2505 suos.

49 2523 179 2593 ineptam
192 2539 220 2578 ar
231 2523 274 2577 illi
286 2540 341 2576 non
351 2524 484 2589 serentes,
504 2523 627 2593 protinus

53 2597 161 2651 Omnes
176 2599 209 2650 ad
224 2613 309 2650 unum
318 2596 474 2659 invadunt,
493 2598 520 2650 δι
536 2594 684 2666 procaciter
736 2647 739 2651 ,

52 2669 168 2725 illudere
183 2684 303 2735 certant,
319 2669 444 2723 omnibus
461 2670 488 2722 δι
503 2683 605 2723 vexant
619 2666 736 2737 probris.

89 2744 169 2802 Loco
183 2743 222 2803 est
233 2741 391 2817 ignominie
401 2735 495 2801 'honor
511 2742 622 2814 indigno
634 2743 721 2799 datus.

587 2917 652 2975 ΑΥ,

776 202 800 277 9
