1984 3659
214 182 390 257 erarn
419 164 653 261 marmus.
763 208 808 283 ¹3

56 301 165 359 Habere
180 308 280 377 possit.
302 310 386 363 Natru
401 309 503 363 nildum
517 310 650 381 suspicans

60 375 127 444 Qud
146 382 320 446 tenderetur,
337 384 449 446 annuit,
469 384 571 437 invitus
584 384 659 441 licit.

58 452 132 521 Ergo
147 453 284 509 obseratur
300 455 407 516 cistula3
422 457 449 509 ἃ
466 457 549 526 clavis
561 459 635 512 datur

61 523 199 579 Servanda
217 529 306 597 patri,
324 531 410 583 donec
420 528 478 598 ipse
494 531 600 586 nuntiet
799 597 804 602 ι

59 596 208 654 Reserandi
219 614 333 671 tempus·
347 603 457 656 Interim
467 601 612 671 impatiens
629 619 711 658 mora
726 641 735 670 ,

61 669 170 726 Patrem
185 691 269 744 usque
288 677 314 729 dr
328 676 410 744 usque
423 675 518 729 blandd
533 676 661 731 sollicitat
674 692 771 748 prece,

60 744 214 816 Tentatque
230 762 307 802 natur
325 748 432 813 faeere,
450 766 484 803 ne
497 749 598 804 diutius

62 816 158 872 Visere
172 835 298 885 vetetur,
313 839 368 891 quo
386 823 437 894 suae
450 821 506 875 sint
521 841 564 877 res
579 827 653 880 loco.

62 889 155 945 Nimis
166 892 302 962 inquietus
316 895 381 964 quid
394 909 421 948 te
435 895 527 949 frustra
540 914 671 964 maceras,

63 963 160 1018 Aiebat
176 967 244 1021 ille?
260 967 326 1036 quin
339 967 447 1037 potiris,
468 971 541 1038 quod
551 985 580 1022 tu
589 970 684 1039 cupit,

64 1036 138 1092 Fieri
152 1041 216 1093 dum
228 1039 325 1104 liceat,
342 1040 451 1095 sustines
469 1059 572 1096 moram
583 1040 709 1098 brevem?

63 1110 102 1163 At
118 1129 201 1177 ecce,
219 1113 357 1184 postquam
376 1115 475 1168 distulit
489 1115 552 1170 satis
573 1117 635 1182 diu,

66 1185 179 1240 Veniffe
198 1189 305 1240 tandem
322 1187 426 1241 nuntiat
443 1191 565 1257 optatum
579 1192 672 1256 diem,

63 1257 206 1329 Simulque
220 1261 319 1313 clavim
335 1262 412 1346 tradit
428 1282 435 1315 ε
452 1263 500 1315 illa
516 1263 621 1332 segnius

64 1331 185 1385 Videtur
196 1333 371 1386 obsecundare
387 1333 428 1386 rsti
441 1335 618 1402 improvido,

65 1405 152 1458 Suum
168 1405 306 1473 expetenti
316 1423 425 1460 eernere
440 1407 519 1461 citids
530 1411 646 1463 malumr

62 1480 138 1543 'Nam
150 1477 201 1530 vix
216 1495 305 1547 aperta
319 1479 356 1533 est
375 1480 466 1533 cistula
477 1519 486 1543 ‚
499 1480 634 1551 ingentem
645 1479 721 1534 videt
800 1479 804 1484 ’

67 1552 207 1605 Omnibus
220 1553 252 1605 ad
267 1569 350 1606 unum
362 1552 459 1619 Malis,
471 1552 524 1616 iam
535 1571 591 1607 nou
607 1553 712 1621 aureis,

66 1624 155 1678 Luem
167 1624 307 1690 iusediffe,
324 1627 350 1679 dr
363 1627 497 1680 horridam
516 1627 692 1696 putredinem.
800 1623 803 1638 ¹

66 1698 102 1751 Et
115 1698 294 1751 calamitatem
313 1715 369 1753 non
387 1716 437 1771 ego
451 1700 520 1752 hanc
534 1701 723 1769 praedixeram,
799 1699 804 1707 ’

66 1771 228 1825 Exclamat?
245 1773 297 1825 beu
313 1788 355 1826 me
371 1776 377 1826 l
397 1773 477 1842 quim
489 1790 571 1827 verus
586 1776 687 1839 forem,
702 1767 786 1844 nimis

67 1845 253 1915 Intelligebam
266 1865 273 1898 :
291 1845 423 1899 fedeliter
435 1846 524 1899 visum
538 1846 603 1911 tibi,

68 1917 158 1973 Pater.
173 1920 275 1971 Dolere
291 1934 347 1971 non
360 1919 428 1972 tanti
446 1919 499 1983 est,
512 1918 573 1979 fili;
592 1919 710 1986 abiline,

67 1992 118 2043 Ait
131 1990 193 2053 ille,
211 1991 323 2061 jungens
334 1993 418 2060 plena
427 1993 527 2046 amoris
541 1993 646 2046 oscula:

68 2064 134 2118 Tibi
148 2062 220 2134 qudd
238 2065 332 2117 babere
350 2066 429 2134 super
438 2065 483 2118 his
492 2065 624 2118 noluerim
638 2064 739 2129 fidem‚'

69 2137 223 2205 Quereris:
240 2152 268 2191 at
279 2137 335 2206 ipse
345 2138 473 2207 numquid
489 2137 635 2191 credideras
650 2137 737 2202 mihi,

69 2211 141 2265 Ciam
152 2227 352 2265 commonerem
367 2250 375 2276 ‚
391 2211 447 2265 vita
459 2227 573 2279 quorum
590 2227 646 2264 non
659 2211 731 2263 foret

67 2284 367 2354 Impunitatisexpera,
388 2285 468 2354 quim
484 2283 562 2338 facile
577 2283 606 2337 in
626 2286 724 2337 malam

68 2358 220 2412 Perniciem
237 2373 332 2411 eorum
347 2357 459 2410 societas
476 2356 637 2412 adduceret?

68 2429 179 2485 Petiiffe
193 2431 266 2483 Mala
279 2468 288 2494 ,
305 2430 378 2483 dono
389 2448 448 2500 quae
459 2432 597 2494 dederam,
612 2431 709 2490 dolena

69 2505 209 2558 Damnum
225 2519 289 2572 puta
305 2503 372 2556 istud
387 2505 413 2555 δι
429 2506 489 2557 leve
502 2505 529 2557 δι
541 2503 697 2571 reparabile.

70 2578 124 2631 Sed
138 2576 311 2640 adulteratis,
327 2590 403 2642 nate,
416 2575 440 2629 si
456 2590 485 2629 te
495 2577 615 2630 moribus

71 2650 227 2721 Aliquando
241 2647 301 2702 fieri
314 2648 443 2704 vitiosum
456 2651 644 2720 contingerem

71 2724 105 2777 Et
120 2723 169 2778 ista
184 2739 244 2792 quae
259 2739 330 2776 nunc
340 2737 479 2791 tantopere
493 2721 569 2787 juvat
584 2735 686 2792 patrem
698 2730 709 2785 ,“

73 2796 147 2851 Vitae
165 2795 318 2850 innocentis
337 2795 361 2849 si
377 2797 475 2864 periret
486 2795 609 2854 castita„

72 2870 147 2944 Quid
157 2883 235 2942 patre
248 2867 346 2925 misero
359 2868 461 2924 fieret?
477 2883 587 2940 tamque
602 2864 702 2921 flatui·
