1984 3659
157 234 231 338 316
276 241 394 311 Far.
425 237 819 307 AEsoarraurr-

153 354 914 431 u-——ffl-tisskkss-

253 490 278 558 F
303 489 336 558 Α
360 488 387 558 Β
411 483 447 554 U
471 485 500 554 L
524 485 556 555 A
604 481 641 554 X
664 480 702 553 X
727 485 743 554 1
767 485 818 557 V.

351 608 476 676 Turdus
499 601 714 676 &Hirundu

157 717 352 834 Turinus
371 778 398 832 δι
413 775 539 831 Hirundo
554 775 615 830 cbm
626 774 706 830 ferire
716 790 845 831 mutuum

157 856 243 910 Fedus
261 866 401 922 pararent,
418 851 488 904 dixit
499 852 556 904 liaec
571 869 579 904 z
597 851 725 903 Nondum
742 852 858 920 quidem

157 929 280 983 Jucuuda
294 925 414 979 alacritas
430 923 594 989 omicida,
610 940 668 992 que
679 924 767 987 solet,

158 1001 192 1053 ln
207 1017 250 1053 me
269 998 402 1069 vigescit3
421 996 522 1067 quippe
543 998 663 1050 nondum
677 995 792 1067 frigoris*

159 1073 276 1144 Expulsa
291 1087 402 1141 prorsus
414 1070 504 1123 omnis
517 1069 556 1122 est
567 1068 704 1124 molestia:

159 1149 196 1199 A‘t
213 1146 292 1198 simul
311 1159 341 1196 ac
358 1142 505 1196 invaluerit
521 1142 627 1196 aestivus
644 1144 735 1206 calor,

158 1220 260 1272 Totam
275 1219 424 1287 elegantem
440 1232 484 1268 me
503 1214 618 1270 videbis.
637 1216 714 1282 Quos
726 1212 818 1281 milri,

159 1292 258 1358 Quos,
276 1291 381 1343 Turdus
396 1288 503 1359 inquit,
521 1304 551 1341 tu
573 1291 689 1354 calores,
706 1305 724 1340 o
736 1290 822 1355 boua,

161 1360 388 1418 commemoras?
399 1361 484 1416 immo
492 1364 604 1432 loquere
611 1361 678 1415 mibi
688 1363 827 1427 brumam,
837 1364 902 1434 gelu

161 1439 225 1492 Hoc
235 1439 339 1507 placet:
351 1437 408 1489 bac
418 1452 462 1489 me
470 1436 534 1488 anni
545 1435 601 1488 sola
612 1434 752 1504 tempestas
770 1433 867 1501 juvati

162 1512 258 1580 Neque
272 1510 335 1563 satis
348 1507 422 1577 ipse,
436 1509 575 1578 quomodo
585 1507 722 1572 acciderit,
734 1508 809 1574 scio,

163 1584 216 1635 llis
230 1598 260 1635 ut
270 1583 323 1635 sim
332 1582 361 1635 in
371 1582 442 1652 agria
456 1596 638 1637 commoratus
652 1581 753 1635 tamdiu
761 1600 771 1644 3

162 1659 233 1709 Nam
253 1656 326 1724 quod
347 1654 486 1715 molestum
504 1654 587 1724 frigus
603 1654 750 1709 etiamnum
767 1671 876 1723 vocas,

164 1731 244 1782 Hunc
255 1744 307 1799 ego
317 1729 433 1780 calorem
443 1729 494 1780 vix
504 1728 672 1782 tolerabilem
686 1742 754 1798 puto
765 1746 773 1784 =

163 1803 336 1870 Quapropter
350 1800 415 1855 alias
432 1801 632 1855 commodiores
648 1801 678 1854 in
690 1804 799 1873 plagas,

163 1873 220 1928 Ubi
235 1889 291 1925 nou
305 1872 397 1925 adurat
411 1890 455 1926 me
465 1874 526 1937 sol,
546 1873 609 1927 ltine
621 1891 664 1929 me
680 1876 818 1929 conferam

164 1945 393 2019 Quamprimum:
414 1946 482 2000 inire
499 1945 554 2014 jam
570 1965 636 2018 ergo
653 1946 677 2003 si
694 1964 800 2003 mecum
816 1944 890 2006 velit

166 2023 245 2075 llanc
262 2018 436 2085 societatem,
456 2020 554 2090 placita
566 2037 625 2091 quae
636 2020 715 2075 nobis
726 2021 795 2090 luit,

164 2095 210 2147 Ne
226 2093 324 2146 sociam
344 2092 449 2147 itineris
465 2091 517 2146 effe
534 2107 561 2146 te
579 2094 669 2164 pigeat
687 2093 764 2150 mihi.

167 2167 291 2218 Himndo
308 2166 418 2219 retulit:
435 2166 525 2219 Video
536 2168 648 2221 nuncid
662 2170 734 2237 quod
744 2167 808 2224 satis

168 2238 321 2305 Perspicere
339 2255 372 2291 ne
390 2237 516 2306 pulsem,
535 2238 565 2292 iu
579 2254 606 2293 te
618 2257 695 2294 amor
707 2242 797 2296 vetuit
810 2259 907 2302 metu:

168 2312 226 2365 Nec
240 2310 311 2363 ratio
327 2327 377 2363 nec
387 2313 425 2364 fas
437 2313 532 2382 degere
542 2311 622 2366 simul
637 2331 688 2367 uos
701 2314 814 2369 sinuata

169 2385 205 2438 Et
218 2399 261 2436 me
279 2381 348 2435 inter
366 2383 392 2435 u
404 2398 431 2437 te
447 2384 576 2454 discrepat
592 2402 721 2457 perquam
734 2388 837 2445 nimist

169 2459 241 2513 Nam
251 2454 350 2526 frigora
358 2455 407 2509 tibi
417 2458 492 2522 sola.
507 2458 574 2512 mihi
584 2463 771 2514 tanttuamodo

171 2531 280 2585 Placent
289 2531 410 2584 calores:
431 2529 522 2600 itaque
540 2547 590 2585 nos
610 2532 767 2602 regionibus

171 2603 298 2664 Habitare
314 2601 395 2673 longi
411 2603 538 2672 separatis
553 2605 671 2674 expedit.

209 2673 319 2744 Ingenia
329 2675 353 2727 ai
369 2691 426 2728 nou
436 2676 553 2731 invicem
567 2678 743 2732 convenerint
748 2719 762 2747 a

170 2747 281 2804 Sociale
296 2747 372 2806 fedus
390 2765 424 2804 ue
440 2749 568 2818 feriatur,
582 2750 671 2807 cautio
691 2752 738 2812 cst·
