1984 3659
168 255 330 327 Lrnnn
364 271 724 333 nuooacrrrvs.
769 276 845 360 *295

89 378 254 451 Summdque
263 379 365 434 virtute
375 379 459 434 animi
469 380 581 450 pulchre
592 381 717 446 sustines,

89 454 168 509 Noui
179 455 321 524 equidem:
338 453 432 507 aristis
444 455 552 508 dotibus
563 455 667 526 magnis
683 472 778 527 parenr

90 528 264 597 Hucusque,
284 526 346 593 fili,
361 527 512 598 perspicere
522 529 690 598 prudentiam

88 603 126 653 ln
141 615 168 655 te
183 601 315 671 nequivi3
335 603 408 672 quod
418 618 509 655 tamen
520 600 593 658 certd
603 602 660 657 scio

90 674 199 728 Bonum
211 673 262 729 effe
276 676 444 731 maxirnumt
460 677 487 729 dt
497 676 565 731 mihi
576 678 653 732 deber
663 677 787 745 credere,

91 749 184 815 Quem
201 765 297 818 nempe
311 749 404 803 docuit
417 749 480 804 usus
492 751 558 805 vitae
572 751 691 822 longior.

92 819 212 877 Difficile
226 826 354 893 perquam
367 823 424 888 est,
440 822 567 894 inquies,
586 827 633 880 ubi
644 826 761 895 impetur

92 894 191 949 Fervet
201 898 233 951 ab
243 912 336 952 rmore
345 897 462 966 prada,
476 897 504 950 dc
517 898 546 950 in
557 901 655 952 cedern
666 899 736 970 rapit

94 968 262 1035 Violentus,
282 969 334 1022 iras
351 982 515 1038 temperare,
527 972 659 1042 frangere.

94 1042 209 1096 Pateor:
226 1041 302 1113 priua
312 1039 442 1112 dispicere
453 1043 492 1097 nil
507 1059 596 1098 tamen
611 1060 704 1110 vetat,

94 1113 221 1169 Hostisne
233 1153 241 1180 ,
255 1131 372 1186 quocum
386 1131 443 1170 non
456 1118 581 1187 expediat
594 1118 744 1192 congredi,

94 1189 248 1251 Occurrunt
263 1203 315 1255 ro,
327 1205 408 1260 quern
421 1206 513 1261 petere
528 1193 671 1262 prudenter
685 1211 780 1268 queat.

95 1264 155 1333 Age
167 1260 267 1331 porro,
284 1263 406 1319 monitor
421 1281 455 1319 ne
471 1264 592 1320 severior
602 1266 652 1322 ribi

95 1336 218 1402 Videat,
237 1353 307 1408 age,
324 1337 407 1402 rino,
424 1340 652 1410 quadrupedanter
668 1342 768 1396 belluae

96 1410 286 1480 Quascumque
298 1424 380 1481 pete,
396 1411 554 1483 persequere
567 1432 576 1468 ε
592 1413 637 1468 sed
647 1415 744 1469 enimc!
757 1412 833 1484 bipea

96 1483 240 1548 Unumeii,
246 1484 900 1557 ferum,audax,catlidumque:hominemvocmtr

97 1554 183 1619 Huic,
195 1572 273 1623 nate,
284 1559 383 1612 bellum
393 1557 542 1614 nonmodd
552 1576 616 1615 cave
625 1577 659 1616 ne
671 1561 788 1625 inferant

98 1630 151 1685 Sed
160 1628 219 1698 ejus
237 1630 319 1686 etiem
332 1632 435 1687 veritus
451 1634 590 1688 occursum
605 1634 677 1706 fuge.

134 1703 264 1758 Promisit
277 1704 323 1760 iile
343 1705 370 1760 se
388 1707 575 1762 obsecuturum
591 1709 680 1780 patric

98 1777 134 1830 At
152 1777 323 1846 postmodum
342 1778 459 1851 superbae
477 1782 559 1836 cessit
575 1781 679 1846 indoli;

99 1850 132 1903 Et
146 1849 206 1904 crim
222 1869 269 1921 per
287 1852 348 1906 avia
366 1870 508 1909 nemorum
529 1858 645 1926 quodam
664 1858 707 1911 die
773 1916 776 1921 ,

98 1919 210 1978 Vidisset
221 1923 376 1989 hominem,
396 1928 527 1982 Getuium
539 1968 548 1994 ,
564 1930 689 2000 inquam,
701 1928 811 2001 spiculo

98 1996 236 2052 Armatam
252 2013 349 2063 acuto,
366 2015 525 2055 venatorem
536 2003 680 2069 callidum,

99 2071 340 2141 Acerrimumque3
355 2073 382 2126 se
394 2072 494 2128 furoris
511 2075 648 2144 impotens

100 2143 199 2198 Inierre
216 2160 308 2200 contra
323 2161 379 2198 non
393 2145 493 2202 timuit.
510 2149 697 2218 Improvidum

100 2217 207 2272 Paratus
226 2219 273 2273 ille
290 2218 386 2288 recipit
395 2238 405 2279 ;
417 2220 529 2274 aduerso
544 2221 607 2276 ferit

99 2291 250 2354 Mucrone3
266 2293 293 2347 δι
302 2291 396 2358 instat,
415 2293 442 2346 δι
454 2294 644 2351 moribundum
658 2293 766 2364 dejicit.

110 2372 113 2381 ’
136 2365 279 2420 Prudentia
290 2383 381 2421 comes
397 2365 420 2420 ti
435 2383 491 2421 non
507 2370 638 2436 adfuerit,
653 2371 734 2441 vigor

98 2438 188 2494 Nocet
205 2439 343 2515 artimique
357 2441 384 2494 dc
396 2442 535 2513 corporis,
548 2446 645 2499 nedum
654 2444 744 2513 juvet.

390 2656 550 2774 *W
