1984 3659
46 303 49 308 ,
102 205 109 216 ’
173 228 301 297 Lrsaa
314 235 504 297 vacarius
522 244 725 313 Quirinus.
777 247 844 327 395

91 348 249 418 Videtque,
269 351 433 420 gaudetque,
449 363 479 402 ut
493 349 589 403 lovem
600 348 707 416 quidem
718 350 812 410 decet;

91 424 133 477 lta
142 437 232 476 tamen
241 423 351 494 gaudet,
364 436 395 474 ut
408 422 547 474 hominem
563 437 626 473 tunc
636 422 746 477 diceres.

92 497 216 560 Interea,
232 513 342 549 amoeno
355 493 440 548 cin&
455 495 642 565 Nympharum
660 511 759 566 grege,

92 570 194 622 Natura
212 568 291 622 tiabat
309 568 449 639 proprium
464 568 596 621 admirans
612 584 701 637 opus:

95 642 188 696 Oculo
202 643 287 713 sagaci
298 641 424 713 perspicit
434 640 589 711 aliquandiu

94 715 205 769 Penitus
222 716 399 785 penitusque,
415 715 547 779 sollicita,
563 713 671 784 nequid
682 713 731 768 suo
776 773 778 777 ,

94 790 211 842 Decoris
222 792 330 844 alumno
346 790 431 853 desit,
447 788 542 842 ultima
558 791 631 857 quod
647 805 740 842 manus

95 861 219 928 Adjicere
232 863 330 932 possit.
349 863 388 917 Ut
402 862 528 932 probavit
544 862 655 915 omnia:

96 935 192 989 cresce
203 975 213 1001 ,
225 939 323 1001 decus,
342 934 444 1005 inquit,
458 953 476 989 0
490 952 599 996 rucuma
615 935 717 999 cresce,
732 949 751 987 o
766 950 826 990 mea

96 1009 194 1062 Dulcis
203 1010 347 1079 voluptas;
361 1025 441 1080 teque
451 1008 507 1077 jam
519 1048 528 1073 ,
541 1023 677 1078 quotquot
686 1008 787 1062 micant

95 1083 129 1137 In
144 1082 218 1135 Orbe
230 1080 327 1146 flores,
343 1084 429 1152 capite
439 1082 575 1138 summisso
589 1085 689 1137 colant.

97 1155 200 1216 Dixit·‚
217 1155 356 1226 statimque
377 1156 465 1227 seligit
484 1155 563 1210 fidam
582 1155 669 1209 esuis

97 1228 249 1283 comitibus
260 1246 341 1284 unam
353 1269 361 1295 ,
378 1230 536 1300 prevalenti
546 1246 679 1298 corpore,

97 1302 258 1373 vultuque,
275 1306 381 1358 Floram
392 1342 401 1367 ,
415 1303 528 1356 mndido
541 1304 567 1354 ἀ
584 1302 778 1366 rubicundulos

97 1376 131 1429 Et
142 1379 268 1442 mandat,
284 1377 366 1446 operi
380 1376 478 1430 Lilium
494 1375 599 1429 assidua
613 1374 705 1441 iuvet,

99 1452 237 1520 Curasque
256 1452 352 1505 alendo
367 1450 455 1503 sedula
471 1466 566 1503 omnes
581 1449 710 1503 conserat.

99 1524 136 1576 At
146 1522 190 1576 illa
204 1563 212 1588 ,
228 1535 304 1577 tanto
316 1524 421 1577 honore
437 1525 573 1593 gaudens,
592 1522 701 1582 exsilits

99 1596 240 1666 Simulque
257 1596 354 1668 retegit
369 1597 481 1651 neelaris
499 1599 595 1666 plenos
609 1595 683 1649 sinus
697 1634 721 1661 „

100 1670 252 1740 Succosque
265 1670 368 1734 fundit,
387 1688 474 1742 quos,
491 1669 574 1724 futuri
590 1668 723 1739 presciae,

99 1743 158 1799 iam
170 1745 347 1813 preparatam
358 1758 434 1798 antea
447 1744 514 1798 Vita
532 1745 558 1797 ἃ
574 1744 660 1797 Salus.

88 1839 93 1847 ¹
137 1815 202 1885 Qud
217 1816 285 1872 dieta
298 1817 437 1888 speciem,
456 1821 515 1872 laeta
531 1817 611 1873 novit
623 1815 721 1873 Gallia.

184 1942 754 2003 ,awaus-Q

263 2057 685 2134 EPILOGUS.

102 2172 214 2296 His
233 2233 335 2290 lusibus
348 2248 401 2304 ego
413 2230 547 2286 leniebam
568 2228 697 2295 tardum,

104 2312 132 2368 si
146 2313 220 2383 quod
236 2324 308 2374 erat,
325 2321 356 2361 ut
368 2303 420 2372 dt,
435 2304 589 2358 solitudinis
607 2320 692 2364 meae;

103 2387 137 2440 Et
151 2383 314 2441 verisimiles
328 2378 533 2434 comminiscens
550 2379 670 2441 fabulas,

104 2456 174 2528 Apri
192 2456 320 2527 loquendi
334 2469 444 2508 munera
460 2468 518 2506 nou
533 2449 617 2505 modo
634 2447 724 2503 bestiis
739 2486 749 2511 ,

106 2534 157 2586 Sed
170 2534 247 2586 rebus
261 2529 342 2584 etiam
357 2545 416 2598 quar
433 2540 525 2580 carent
540 2524 636 2588 sensu,
651 2523 760 2580 dabam

106 2606 290 2674 Mundumque
305 2602 439 2656 tentabam
454 2598 611 2653 universum
624 2595 733 2648 reddere

104 2679 294 2743 vocaliorem,
315 2691 345 2729 ut
360 2674 422 2728 inde
438 2672 527 2746 possit
545 2672 578 2724 ad
596 2672 685 2751 bonos

105 2752 207 2823 Regina
222 2752 308 2805 nollra
323 2749 381 2801 buc
394 2746 463 2799 ratio
482 2761 571 2798 mores
583 2740 700 2821 instrui..

105 2827 162 2879 Nec
178 2825 295 2894 poenitet
310 2839 372 2885 me,
393 2819 465 2889 quod
482 2817 661 2869 inhonoratos
676 2813 732 2863 dies

106 2898 243 2956 Tenuibus
254 2895 326 2952 hisce
339 2892 443 2949 deditus
459 2889 551 2943 studiis
566 2902 662 3010 agamR:
676 2954 704 3021 vi
